2788 3999
324 309 468 365 ΧΗ.
493 307 597 382 42]
952 308 1063 362 DE
1116 309 1629 364 SENECTUTE.
2157 308 2239 382 ¹7

322 476 440 536 bus
496 475 743 537 dicebat
796 495 836 535 a
884 485 1102 537 natura
1150 476 1378 549 datam,
1424 477 1598 538 cuius
1645 478 1975 557 voluptatis
2020 478 2237 540 avidae

324 572 612 634 libidines
642 583 868 632 temere
898 584 960 635 et
988 574 1298 634 ecfrenate
1329 573 1409 633 ad
1437 574 1792 654 potiendum
1827 576 2238 636 incitarentur.

326 671 496 729 Hinc
523 670 759 751 patriae
786 670 1183 751 proditiones,
1228 671 1372 730 hinc
1415 689 1612 730 rerum
1654 672 2033 751 publicarum
2074 692 2240 734 ever·
2266 689 2347 743 40

323 769 547 840 siones‚
578 768 726 830 hinc
747 786 885 828 curn
928 768 1208 829 hostibus
1251 768 1638 829 clandestina
1679 770 1986 847 colloquia
2031 771 2200 830 nasci
2219 792 2240 847 3

325 866 559 926 nullum
590 866 857 946 denique
885 866 1110 938 scelus,
1149 866 1381 926 nullum
1417 866 1643 927 malum
1683 868 1922 927 facinus
1960 886 2116 943 esse,
2156 868 2236 930 ad

322 963 493 1043 quod
535 964 990 1043 suscipiendum
1040 982 1166 1025 non
1221 963 1415 1026 libido
1468 965 1801 1044 voluptatis
1857 965 2241 1044 impelleret3

322 1074 536 1141 stupra
565 1081 710 1122 vero
738 1073 801 1124 et
829 1061 1132 1123 adulteria
1157 1074 1219 1147 et
1248 1080 1431 1124 omne
1460 1062 1582 1123 tale
1611 1062 1905 1141 flagitium
1936 1063 2119 1123 nullis
2139 1082 2234 1126 ex·

321 1159 495 1220 citari
525 1159 660 1220 aliis
688 1159 989 1220 illecebris
1021 1158 1137 1219 nisi
1159 1159 1492 1238 voluptatis
1506 1182 1527 1236 3
1557 1178 1816 1237 cumque
1848 1160 2076 1219 homini
2105 1159 2236 1222 sive

323 1267 543 1318 natura
571 1257 701 1318 sive
731 1257 868 1337 quis
903 1257 1055 1318 deus
1085 1257 1235 1316 nihil
1259 1267 1464 1317 mente
1493 1257 1921 1336 praestabilius
1943 1257 2236 1334 dedisset,

320 1355 462 1416 huic
486 1354 698 1416 divino
719 1354 954 1414 muneri
973 1373 1046 1415 ac
1063 1355 1228 1415 dono
1250 1355 1399 1413 nihil
1422 1365 1544 1415 tam
1566 1373 1701 1416 esse
1722 1355 2028 1415 inimicum
2048 1375 2233 1435 quarn

319 1454 718 1532 voluptatem.
802 1454 937 1514 Nec
991 1452 1154 1514 enim
1199 1452 1451 1512 libidine
1493 1453 1850 1514 dominante
1892 1462 2234 1531 temperan·
2265 1471 2338 1525 41

320 1551 438 1611 tiae
497 1551 700 1613 locum
755 1568 914 1624 esse,
969 1568 1172 1629 neque
1225 1552 1479 1610 omnino
1537 1550 1599 1610 in
1655 1550 1985 1629 voluptatis
2044 1569 2236 1629 regno

317 1650 603 1710 virtutem
652 1668 837 1728 posse
883 1649 1240 1710 consistere.
1324 1649 1512 1727 Quod
1562 1668 1688 1728 quo
1731 1648 1923 1727 tnagis
1966 1647 2236 1728 intellegi

317 1757 551 1827 posset,
581 1746 812 1825 fingere
856 1746 1062 1808 animo
1102 1747 1353 1807 iubebat
1394 1756 1569 1807 tanta
1610 1746 1925 1807 incitatum
1969 1746 2235 1825 aliquem

319 1844 636 1923 voluptate
705 1845 996 1922 corporis,
1067 1854 1300 1924 quanta
1367 1844 1598 1924 percipi
1667 1855 1880 1925 posset
1933 1844 2232 1906 maximat

320 1941 550 2003 nemini
598 1942 892 2004 censebat
939 1943 1071 2004 fore
1120 1941 1373 2004 dubium
1421 1942 1566 2022 quin
1614 1951 1736 2003 tam
1787 1942 1909 2016 diu,
1957 1942 2101 2002 dum
2148 1940 2236 2005 ita

317 2042 633 2121 gauderet,
665 2041 813 2101 nihil
846 2041 1074 2121 agitare
1106 2053 1326 2115 mente,
1358 2042 1509 2101 nihil
1538 2041 1791 2113 ratione,
1824 2040 1973 2100 nihil
2010 2040 2237 2120 cogita·

317 2142 485 2201 tione
536 2141 833 2220 consequi
882 2150 1113 2221 posset.
1214 2141 1521 2217 Quocirca
1571 2140 1719 2200 nihil
1772 2158 1908 2200 esse
1955 2152 2076 2199 tam
2131 2140 2235 2202 de·

316 2236 605 2298 testabile
633 2246 882 2316 tamque
909 2237 1264 2316 pestiferum
1288 2256 1472 2315 quarn
1491 2238 1883 2316 voluptatem,
1909 2238 1961 2297 si
1984 2237 2233 2316 quidem

316 2353 406 2408 ea,
437 2353 576 2395 cum
609 2335 802 2394 maior
838 2345 1005 2395 esset
1046 2346 1228 2414 atque
1272 2332 1528 2413 longior,
1572 2354 1754 2396 omne
1798 2335 1985 2394 animi
2026 2335 2230 2395 lumen

316 2433 751 2511 exstingueret.
825 2434 1004 2492 Haec
1031 2450 1167 2492 cum
1201 2434 1274 2494 C.
1305 2433 1528 2492 Pontio
1561 2433 1853 2507 Samnite,
1881 2443 2053 2511 patre
2081 2431 2233 2506 eius,

316 2549 354 2589 a
381 2549 508 2609 quo
540 2529 824 2591 Caudino
851 2529 1084 2607 proelio
1123 2530 1225 2606 Sp.
1260 2531 1607 2590 Postumius
1648 2532 1720 2592 T.
1764 2532 2051 2591 Veturius
2091 2549 2235 2592 con·

317 2629 483 2688 sules
509 2627 781 2707 superati
808 2637 967 2700 sunt,
998 2625 1265 2687 locutum
1300 2627 1627 2705 Archytam
1661 2629 1979 2687 Nearchus
2003 2630 2232 2688 Taren·

315 2727 480 2787 tinus
536 2727 765 2802 hospes
819 2734 1045 2797 noster,
1103 2724 1207 2802 qui
1264 2723 1326 2782 in
1384 2725 1650 2784 amicitia
1703 2726 1911 2803 populi
1963 2725 2229 2786 Romani

317 2832 756 2901 permanserat,
814 2841 881 2882 se
938 2841 977 2883 a
1025 2822 1355 2881 maioribus
1407 2833 1554 2882 natu
1604 2825 1917 2901 accepisse
1966 2824 2230 2899 dicebat,

317 2939 454 2979 cum
483 2921 731 2998 quidem
761 2920 818 2978 ei
859 2918 1128 2980 sermoni
1170 2919 1544 2981 interfuisset
1589 2921 1766 2981 Plato
1812 2921 2224 2994 AtheniensiS,

316 3035 500 3096 quem
542 3018 877 3077 Tarentum
913 3017 1156 3076 venisse
1197 3019 1266 3079 L.
1312 3018 1575 3078 Camillo
1620 3020 1740 3095 Ap.
1785 3018 2048 3078 Claudio
2090 3038 2228 3078 con·

318 3114 551 3177 sulibus
606 3114 863 3192 reperio.
944 3114 1224 3189 Quorsus
1280 3115 1445 3175 hoc?
1529 3116 1617 3175 Ut
1675 3113 2129 3193 intellegeretiS,
2172 3116 2225 3176 si
2257 3133 2326 3191 42

317 3209 695 3287 voluptatem
740 3208 1050 3286 aspernari
1095 3209 1329 3267 ratione
1372 3219 1434 3267 et
1489 3208 1790 3285 sapientia
1849 3228 1970 3268 non
2025 3228 2230 3286 posse·

318 3323 469 3379 mus,
507 3324 792 3384 magnam
836 3323 973 3364 esse
1016 3305 1362 3364 habendam
1408 3305 1708 3364 senectuti
1749 3306 2027 3383 gratiam,
2071 3325 2227 3385 quae

317 3401 586 3463 efficeret
614 3402 681 3461 ut
709 3402 771 3461 id
800 3422 925 3461 non
955 3402 1170 3461 liberet
1199 3401 1367 3479 quod
1400 3421 1521 3460 non
1553 3414 1879 3480 oporteret.
1964 3405 2228 3481 Impedit

318 3495 481 3562 enim
506 3495 831 3558 eonsilium
859 3496 1163 3576 voluptas,
1205 3496 1427 3556 rationi
1469 3497 1714 3558 inimica
1741 3509 1856 3573 est,
1897 3500 2119 3560 mentis
2158 3509 2226 3561 ut
