2788 3999
496 335 549 403 6
1174 351 1387 407 cA'ro
1439 351 1709 407 MAIOR
2168 354 2307 428 [ιν.
2341 367 2404 413 ιι

499 537 809 599 augurque
838 539 976 581 cum
1005 529 1189 594 esset,
1232 521 1435 581 dicere
1475 541 1659 583 ausus
1701 531 1796 583 est
1833 522 2082 602 optimis
2119 525 2408 605 auspiciis

496 635 572 677 ea
597 618 744 695 geri,
774 638 931 695 quae
971 639 1082 696 pro
1124 619 1212 678 rei
1254 620 1533 697 publicae
1576 620 1772 681 salute
1809 631 2166 699 gererentur
2178 644 2198 698 ;
2247 642 2407 701 quae

497 724 713 775 contra
761 734 887 774 rem
932 715 1239 794 publicam
1288 717 1606 791 ferrentur,
1658 721 1875 778 contra
1923 718 2195 796 auspicia
2242 720 2406 779 ferri.

400 827 464 872 12
500 812 702 872 Multa
729 813 791 871 in
828 832 904 873 eo
933 813 1061 873 viro
1105 815 1422 892 praeclara
1464 815 1741 893 cognovi,
1788 815 1899 875 sed
1950 815 2099 875 nihil
2147 817 2407 877 admira-

495 907 677 970 bilius
720 930 900 987 quam
945 930 1065 990 quo
1105 911 1290 971 modo
1325 912 1426 970 ille
1461 922 1717 972 mortem
1767 913 1854 972 fili
1900 913 2055 987 tulit,
2105 915 2251 975 clari
2295 915 2408 974 viri

494 1016 559 1067 et
613 1008 965 1068 consulariS.
1074 1009 1185 1068 Est
1240 1009 1303 1068 in
1358 1009 1640 1070 manibus
1697 1009 1985 1085 laudati0,
2034 1031 2217 1090 quam
2264 1031 2404 1071 cum

496 1102 769 1181 legimus,
828 1123 1009 1182 quem
1050 1106 1483 1184 philosophum
1528 1126 1652 1167 non
1695 1108 2186 1173 contemnimus?
2271 1112 2408 1170 Nec

493 1219 640 1262 vero
669 1202 770 1261 ille
809 1202 868 1262 in
912 1204 1046 1262 luce
1082 1203 1266 1263 modo
1306 1213 1494 1283 atque
1536 1205 1597 1263 in
1634 1206 1828 1266 oculis
1868 1206 2088 1266 civium
2130 1226 2403 1285 magnuS,

495 1299 607 1358 sed
636 1301 799 1359 intus
828 1301 1115 1380 domique
1144 1302 1569 1379 praestantior.
1644 1302 1767 1377 Qui
1798 1322 2014 1378 serm0,
2046 1324 2204 1381 quae
2233 1323 2408 1382 prae-

493 1401 708 1473 cepta!
778 1397 1027 1472 Quanta
1059 1399 1271 1458 notitia
1295 1399 1692 1478 antiquitatiS,
1717 1400 1974 1460 scientia
1996 1401 2142 1461 iuris
2165 1402 2407 1480 auguri!

496 1493 735 1554 Multae
776 1495 978 1566 etiam,
1021 1505 1089 1555 ut
1131 1497 1191 1555 in
1237 1497 1483 1556 homine
1530 1498 1830 1571 Romano,
1863 1498 2142 1560 litterae:
2199 1500 2408 1558 omnia

495 1591 789 1651 memoria
826 1594 1077 1653 tenebat
1120 1613 1242 1654 non
1282 1594 1621 1655 domestica
1667 1596 1880 1668 solum,
1930 1595 2040 1655 sed
2082 1597 2267 1656 etiam
2310 1615 2409 1656 ex-

494 1699 672 1751 terna
719 1690 900 1751 bella.
987 1693 1178 1753 Cuius
1224 1711 1506 1752 sermone
1552 1693 1638 1752 ita
1687 1702 1812 1751 tum
1871 1694 2091 1772 cupide
2141 1695 2406 1766 fruebar,

494 1787 672 1865 quasi
701 1787 822 1847 iam
851 1789 1202 1863 divinarem,
1234 1790 1295 1849 id
1326 1791 1493 1866 quod
1523 1789 1743 1863 evenit,
1783 1789 1887 1850 illo
1930 1791 2407 1851 exstinctofore

493 1885 658 1945 unde
687 1885 985 1947 discerem
1017 1888 1335 1948 neminem.

401 2006 461 2059 13
573 1984 650 2044 V.
682 1983 959 2061 Quorsus
988 1984 1168 2063 igitur
1195 1986 1348 2045 haec
1378 1995 1502 2046 tam
1534 1985 1725 2046 multa
1747 1985 1824 2046 de
1851 1985 2125 2046 Maximo
2149 1988 2172 2046 ἓ
2243 1984 2408 2060 Quia

493 2083 773 2163 profecto
802 2082 1022 2142 videtis
1061 2084 1235 2143 nefas
1276 2101 1415 2144 esse
1458 2085 1624 2144 dictu
1667 2085 1947 2144 miseram
1988 2084 2179 2143 fuisse
2222 2084 2404 2143 talem

492 2190 889 2242 senectutem.
978 2182 1111 2240 Nec
1148 2190 1355 2240 tamen
1384 2199 1598 2241 omnes
1628 2191 1889 2260 possunt
1917 2200 2053 2241 esse
2086 2180 2406 2260 Scipiones

494 2288 601 2338 aut
658 2279 931 2353 Maximi,
991 2290 1058 2339 ut
1114 2279 1353 2339 urbium
1411 2279 1912 2357 expugnationeS,
1968 2289 2035 2338 ut
2103 2278 2406 2357 pedestris

495 2376 803 2436 navalisve
850 2396 1105 2455 pugnas,
1154 2388 1222 2438 ut
1268 2378 1434 2437 bella
1482 2396 1520 2436 a
1574 2396 1641 2437 se
1696 2386 1887 2455 gesta,
1940 2386 2008 2436 ut
2063 2376 2406 2453 triumphos

494 2473 904 2534 recordentur.
994 2476 1108 2536 Est
1136 2475 1319 2535 etiam
1350 2474 1554 2551 quiete
1584 2483 1647 2534 et
1676 2492 1825 2552 pure
1861 2482 2049 2550 atque
2093 2474 2405 2552 eleganter

494 2581 667 2631 actae
719 2572 938 2633 aetatis
982 2573 1226 2650 placida
1272 2593 1343 2632 ac
1393 2570 1547 2631 lenis
1593 2581 1896 2644 senectuS,
1946 2571 2190 2647 qualem
2242 2588 2406 2629 acce-

490 2668 692 2748 pimus
742 2670 1032 2744 Platonis,
1080 2670 1182 2748 qui
1225 2690 1349 2730 uno
1392 2679 1456 2730 et
1499 2668 1875 2746 octogesimo
1926 2686 2090 2727 anno
2133 2668 2405 2727 scribens

492 2776 590 2829 est
618 2776 907 2841 mortuuS‚
940 2769 1181 2847 qualem
1214 2767 1487 2840 Isocrati,
1521 2765 1624 2847 qui
1653 2785 1791 2826 eum
1823 2756 2061 2839 librum,
2086 2764 2190 2842 qui
2216 2767 2406 2824 Pana·

493 2864 812 2925 thenaicus
842 2865 1203 2940 inscribitur,
1229 2875 1448 2943 quarto
1477 2863 1875 2942 nonagesimo
1899 2880 2063 2922 anno
2086 2862 2403 2940 scripsisse

492 2960 641 3021 dicit
695 2962 963 3041 vixitque
1018 2963 1501 3041 quinquennium
1557 2972 1818 3040 postea3
1878 2960 2049 3020 cuius
2116 2958 2405 3037 magister

494 3056 832 3121 Leontinus
864 3062 1122 3139 Gorgias
1151 3070 1393 3120 centum
1433 3070 1495 3118 et
1537 3068 1771 3137 septem
1816 3056 2145 3135 complevit
2188 3074 2402 3126 annm,

494 3174 693 3235 neque
750 3178 1036 3236 umquam
1092 3159 1154 3217 in
1210 3176 1323 3217 suo
1374 3155 1580 3215 studio
1638 3164 1822 3232 atque
1878 3172 2066 3233 opere
2122 3153 2401 3215 cessavit.

494 3252 636 3329 Qui,
667 3274 802 3315 cum
832 3276 909 3315 ex
936 3274 1010 3314 eo
1040 3263 1431 3331 quaereretur
1472 3271 1580 3312 cur
1621 3262 1751 3311 tam·
1789 3252 1892 3311 diu
1934 3252 2120 3312 vellet
2159 3269 2299 3311 esse
2341 3249 2403 3309 in

492 3351 638 3424 vita,
670 3355 686 3383 ‘
707 3353 854 3411 nihil
884 3352 1122 3425 habe0,'
1153 3351 1364 3430 inquit,
1402 3354 1417 3381 ‘
1440 3350 1606 3427 quod
1636 3368 1918 3410 accusem
1962 3357 2338 3409 senectutem
2366 3347 2399 3408 '.

395 3465 469 3523 14
496 3449 878 3508 Praeclarum
910 3468 1267 3526 responsum
1297 3459 1360 3509 et
1389 3448 1576 3508 docto
1618 3446 1863 3506 homine
1907 3445 2191 3523 dignum!
2279 3444 2399 3505 Sua

492 3546 657 3607 enim
711 3546 858 3606 vitia
905 3545 1260 3625 insipientes
1310 3556 1372 3605 et
1418 3563 1589 3604 suam
1641 3544 1884 3621 culpam
1927 3542 1989 3601 in
2019 3550 2398 3602 senectutem
