2788 3999
371 309 604 366 xxm.
630 306 729 381 82]
1065 303 1177 363 DE
1229 300 1740 365 SENECTUTE.
2191 300 2271 376 33

368 498 570 538 meum
619 479 938 554 videbatis„
983 480 1095 540 sed
1139 498 1278 538 eum
1326 498 1466 539 esse
1512 478 1570 538 in
1614 479 1732 539 hoc
1772 497 2026 558 corpore
2069 497 2147 539 ex
2187 479 2278 541 eis

368 577 551 637 rebus
573 595 726 653 quas
752 577 1039 654 gerebam
1069 576 1536 654 intellegebatis.
1621 576 1899 636 Eundem
1930 576 2112 656 igitur
2140 595 2278 639 esse

368 674 683 747 creditote,
708 673 891 733 etiam
921 673 974 733 si
1002 673 1235 732 nullum
1256 673 1562 734 videbitis,
1648 674 1706 733 N
1710 692 1781 733 ec
1802 691 1948 733 vero
1976 674 2276 734 clarorum
2306 676 2381 734 80

367 772 633 831 virorum
687 781 831 850 post
886 780 1143 831 mortem
1197 771 1464 831 honores
1519 780 1967 849 permanerent,
2017 771 2071 832 si
2127 771 2277 833 nihil

367 888 578 929 eorum
607 869 877 946 ipsorum
906 869 1092 930 animi
1129 868 1455 942 efficerent,
1487 887 1611 946 quo
1653 868 1882 929 diutius
1924 870 2277 931 memoriam

366 966 463 1026 sui
492 978 860 1027 teneremus.
945 966 1101 1025 Mihi
1131 965 1378 1044 quidem
1416 984 1745 1042 numquam
1781 966 2134 1043 persuaderi
2172 986 2279 1046 po·

366 1063 483 1124 tuit
510 1063 748 1123 animos
777 1065 923 1123 dum
952 1064 1011 1123 in
1043 1062 1402 1140 corporibus
1430 1073 1639 1122 essent
1667 1064 2025 1125 mortalibus
2054 1064 2275 1138 vivere,

366 1177 505 1218 cum
541 1158 950 1219 excessissent
990 1177 1067 1219 ex
1107 1158 1197 1218 eis
1238 1157 1469 1231 emori3
1522 1176 1636 1218 nec
1663 1177 1808 1219 vero
1837 1169 1966 1219 tum
2009 1160 2277 1219 animum

366 1275 505 1316 esse
528 1256 913 1334 insipientem
941 1273 1080 1316 cum
1109 1273 1186 1315 ex
1212 1253 1527 1332 insipienti
1548 1274 1804 1334 corpore
1832 1257 2143 1331 evasisset,
2167 1258 2279 1317 sed

366 1373 506 1413 cum
535 1353 701 1414 omni
725 1353 1097 1415 admixtione
1119 1352 1394 1431 corporis
1417 1352 1709 1415 liberatus
1737 1374 1925 1433 purus
1953 1364 2015 1415 et
2044 1356 2280 1434 integer

366 1469 506 1511 esse
536 1451 854 1529 coepisset,
886 1460 1016 1510 tum
1050 1469 1188 1512 esse
1228 1449 1587 1528 sapientem.
1673 1455 1879 1529 Atque
1906 1451 2109 1524 etiam,
2141 1471 2281 1513 cum

367 1548 631 1608 hominis
662 1558 879 1608 natura
907 1558 1101 1608 morte
1130 1546 1503 1623 dissolvitur,
1534 1558 1873 1609 ceterarum
1911 1567 2108 1609 rerum
2143 1567 2281 1628 per·

367 1646 644 1723 spicuum
687 1655 782 1706 est
824 1665 948 1725 quo
990 1664 1273 1725 quaeque
1316 1645 1614 1721 discedat,
1655 1647 1883 1707 abeunt
1924 1647 2087 1708 enim
2136 1647 2281 1708 illuc

366 1743 589 1817 omnia,
621 1744 786 1803 unde
831 1754 966 1804 orta
1009 1754 1155 1805 sunt
1169 1767 1188 1820 3
1242 1744 1482 1805 animus
1524 1753 1729 1804 autem
1774 1745 1943 1805 solus
1984 1763 2099 1805 nec
2139 1765 2278 1806 cum

367 1841 545 1901 adest
572 1859 687 1902 nec
714 1860 854 1901 cum
883 1841 1166 1903 discessit
1196 1853 1470 1921 apparet.
1548 1843 1682 1902 Iam
1710 1860 1855 1903 vero
1882 1841 2102 1903 videtis
2130 1844 2280 1904 nihil

367 1957 507 1998 esse
537 1939 710 1999 morti
743 1949 869 1999 tam
900 1938 1096 2001 simile
1136 1958 1319 2018 quam
1359 1959 1661 2001 somnum.
1745 1938 1936 2018 Atqui
1980 1939 2281 2001 dormien-
2308 1943 2383 2003 81

370 2038 520 2098 tium
550 2038 736 2098 animi
774 2037 1036 2098 maxime
1065 2038 1380 2098 declarant
1411 2037 1789 2098 divinitatem
1827 2056 2039 2111 suam;
2090 2037 2282 2098 multa

369 2136 552 2212 enim,
580 2155 721 2197 cum
751 2136 988 2198 remissi
1016 2146 1080 2196 et
1107 2135 1280 2196 liberi
1318 2145 1478 2208 sunt,
1507 2136 1711 2194 futura
1740 2134 2155 2213 prospiciunt;
2206 2154 2281 2194 ex

369 2254 493 2313 quo
522 2234 893 2315 intellegitur
921 2235 1135 2313 quales
1156 2233 1341 2293 futuri
1371 2233 1510 2306 sint,
1536 2252 1674 2292 cum
1702 2251 1768 2291 se
1799 2233 1980 2310 plane
2009 2234 2282 2310 corporis

369 2333 626 2394 vinculis
669 2333 1090 2393 relaxaverint.
1175 2330 1316 2405 Qua
1358 2349 1441 2404 re,
1473 2330 1525 2389 si
1567 2330 1721 2389 haec
1763 2329 1849 2389 ita
1881 2339 2039 2403 sunt,
2069 2330 2158 2390 sic
2186 2349 2282 2390 me

370 2432 662 2505 colitote,'
691 2431 901 2509 inquit,
929 2434 944 2463 ‘
962 2441 1030 2491 ut
1057 2432 1260 2504 deum,
1285 2429 1378 2489 sin
1403 2448 1526 2488 una
1552 2438 1647 2489 est
1675 2426 2025 2488 interiturus
2047 2428 2284 2488 animus

371 2549 512 2590 cum
536 2548 810 2607 corpore,
834 2548 946 2589 vos
967 2537 1192 2602 tamen,
1218 2528 1371 2588 deos
1394 2535 1691 2599 verentes,
1720 2525 1823 2602 qui
1852 2527 2013 2585 hanc
2040 2544 2282 2586 omnem

373 2626 883 2705 pulchritudinem
923 2610 1171 2687 tuentur
1198 2636 1262 2687 et
1301 2635 1533 2704 regunt,
1565 2622 1918 2683 memoriam
1958 2623 2147 2684 nostri
2187 2624 2287 2701 pie

374 2718 787 2800 inviolateque
817 2721 1178 2782 servabitis.'

457 2820 706 2878 XXIII.
780 2819 976 2898 Cyrus
1005 2818 1251 2896 quidem
1282 2819 1436 2878 haec
1465 2816 1770 2890 moriens;
1823 2834 1952 2889 nOS,
1986 2815 2038 2876 si
2067 2815 2285 2894 placet,
2319 2818 2392 2875 82

377 2926 589 2975 nostra
617 2916 952 2976 videamus.
1038 2917 1238 2975 Nemo
1268 2935 1558 2992 umquam
1597 2913 1759 2987 mihi,
1796 2912 2016 2991 Scipio,
2049 2931 2292 2991 persua·

378 3013 550 3073 debit
576 3023 681 3073 aut
718 3023 951 3092 patrem
994 3022 1165 3072 tuum
1198 3013 1473 3086 Paulum,
1507 3022 1613 3071 aut
1654 3013 1812 3072 duos
1856 3030 2005 3071 avos
2037 3010 2293 3070 Paulum

378 3120 442 3171 et
465 3110 839 3181 Africanum,
867 3119 972 3169 aut
996 3109 1270 3169 Africani
1291 3119 1526 3186 patrem
1560 3120 1663 3168 aut
1692 3119 1992 3186 patruum,
2023 3117 2127 3168 aut
2149 3108 2297 3167 mul·

379 3219 478 3268 tos
506 3207 876 3285 praestantis
903 3206 1084 3280 viros,
1116 3225 1272 3284 quos
1310 3225 1667 3266 enumerare
1714 3227 1835 3267 non
1880 3217 1976 3268 est
2023 3225 2292 3280 necesse,

380 3316 554 3366 tanta
596 3324 734 3365 esse
775 3315 1031 3365 conatos
1060 3323 1218 3381 quae
1262 3304 1342 3363 ad
1376 3304 1751 3381 posteritatis
1783 3305 2136 3365 memoriam
2169 3322 2299 3383 per-

381 3404 664 3475 tinerent,
714 3400 831 3461 nisi
888 3403 1093 3461 animo
1148 3412 1468 3461 cernerent
1521 3401 1940 3479 posteritatem
2002 3403 2080 3461 ad
2130 3402 2299 3479 ipsos

383 3500 707 3577 pertinere.
792 3501 973 3558 Anne
1022 3516 1256 3572 censeS,
1309 3507 1375 3556 ut
1409 3498 1487 3557 de
1531 3516 1628 3556 me
1677 3498 1807 3575 ipse
1858 3498 2088 3574 aliquid
2132 3516 2299 3558 more
