2788 3999
405 322 412 325 ,
503 307 579 359 12
1262 307 1611 362 LAELms
2094 305 2298 381 [vm.
2329 306 2398 361 26

387 494 457 555 27
492 476 640 555 quid
683 486 798 552 est,
842 475 905 535 id
950 485 1046 536 est
1073 494 1280 535 verum
1326 488 1387 536 et
1417 478 1837 538 voluntarium.
1924 477 2318 555 Quapropter
2361 498 2396 540 a

492 584 709 634 natura
764 574 908 632 mihi
962 574 1201 632 videtur
1255 574 1457 651 potius
1504 594 1685 652 quam
1737 577 1815 635 ab
1871 575 2210 652 indigentia
2264 586 2398 636 orta

491 672 776 745 amicitia,
823 671 1231 748 applicatione
1277 672 1470 750 magis
1500 673 1683 730 animi
1730 691 1866 731 cum
1897 674 2164 749 quodam
2212 693 2397 734 sensu

490 768 754 841 amandi,
807 787 989 846 quam
1039 768 1410 845 cogitatione
1457 779 1750 845 quantum
1806 769 1910 828 illa
1967 789 2064 829 res
2121 771 2397 831 utilitatis

489 876 654 924 esset
681 866 979 924 habitura.
1063 864 1248 938 Quod
1278 866 1524 942 qui'dem
1555 866 1734 944 quale
1765 866 1858 939 sit,
1881 867 2064 926 etiarn
2095 869 2156 926 in
2185 868 2397 928 bestiis

491 963 857 1040 quibusdam
903 962 1302 1021 animadverti
1358 974 1582 1038 potest,
1634 983 1791 1040 quae
1843 985 1918 1024 ex
1969 985 2035 1026 se
2088 977 2265 1026 natos
2314 966 2398 1025 ita

491 1071 699 1118 amant
743 1060 819 1118 ad
867 1058 1174 1137 quoddam
1222 1069 1463 1135 tempus
1509 1070 1570 1118 et
1617 1061 1695 1119 ab
1742 1061 1830 1121 eis
1876 1063 1961 1121 ita
2007 1074 2302 1137 amantur,
2334 1074 2400 1123 ut

488 1157 668 1216 facile
711 1175 914 1215 earum
961 1174 1177 1215 sensus
1221 1168 1534 1233 appareat.
1620 1158 1807 1230 Quod
1835 1160 1894 1218 in
1933 1160 2178 1219 homine
2207 1160 2399 1219 multo

489 1263 584 1312 est
633 1253 990 1325 evidentius,
1037 1253 1291 1329 primum
1346 1272 1422 1311 ex
1469 1272 1543 1312 ea
1593 1256 1845 1315 caritate
1894 1275 2050 1332 quae
2100 1266 2195 1316 est
2242 1255 2400 1315 inter

491 1361 670 1410 natos
716 1359 778 1409 et
825 1350 1112 1426 parentiS,
1157 1368 1314 1426 quae
1365 1350 1564 1408 dirimi
1615 1352 1732 1411 nisi
1778 1352 2127 1412 detestabili
2168 1353 2397 1412 scelere

490 1467 616 1507 non
658 1457 876 1526 potest,
919 1446 1143 1505 deinde
1185 1465 1323 1505 cum
1363 1448 1577 1508 similis
1624 1468 1840 1509 sensus
1887 1450 2119 1510 exstitit
2159 1450 2396 1522 amoris,

490 1547 543 1607 si
586 1546 847 1623 aliquem
895 1545 1058 1604 nacti
1104 1564 1329 1618 sumuS,
1362 1547 1535 1605 cuius
1581 1567 1717 1606 cum
1764 1534 2033 1607 moribus
2079 1555 2141 1606 et
2183 1557 2399 1606 natura

490 1661 913 1723 congruamuS,
946 1642 1112 1719 quod
1141 1642 1201 1700 in
1238 1661 1312 1701 eo
1343 1644 1518 1721 quasi
1549 1646 1752 1703 lumen
1792 1644 2039 1721 aliquod
2077 1644 2398 1722 probitatis

386 1744 460 1802 28
490 1752 552 1803 et
580 1741 815 1800 virtutis
852 1740 1195 1817 perspicere
1226 1741 1559 1801 videamur.
1646 1743 1814 1801 Nihil
1853 1752 1949 1801 est
1986 1742 2148 1801 enim
2178 1743 2397 1801 virtute

491 1838 826 1912 amabiliuS,
886 1837 1034 1895 nihil
1092 1839 1259 1914 quod
1316 1840 1509 1918 magis
1566 1840 1791 1898 alliciat
1848 1840 1926 1898 ad
1989 1839 2397 1916 diligendum:

491 1936 716 2014 quippe
758 1954 896 1994 cum
940 1945 1189 2013 propter
1217 1936 1497 1995 virtutem
1542 1947 1607 1995 et
1645 1937 2010 2015 probitatem
2054 1936 2232 1996 etiam
2270 1953 2397 2008 eoS,

489 2053 644 2111 quos
668 2052 1000 2111 numquam
1024 2033 1301 2108 vidirnuS,
1329 2037 1596 2110 quodam
1623 2036 1804 2094 modo
1829 2034 2170 2111 diligamus.
2241 2033 2397 2108 Quis

487 2142 584 2191 est
629 2131 732 2207 qui
781 2131 851 2190 C.
899 2129 1154 2202 Fabrici,
1203 2131 1310 2191 M'.
1353 2132 1500 2191 Curi
1547 2151 1670 2190 non
1715 2149 1852 2190 cum
1899 2131 2150 2190 caritate
2195 2130 2400 2205 aliqua

378 2267 382 2271 »
488 2229 791 2289 benevola
841 2228 1191 2287 memoriam
1245 2239 1512 2305 usurpet,
1561 2247 1717 2304 quos
1764 2246 2090 2304 numquam
2143 2226 2397 2286 viderit?

489 2326 644 2402 Quis
702 2338 903 2386 autem
959 2336 1054 2385 est
1129 2326 1231 2402 qui
1279 2326 1677 2402 Tarquinium
1728 2326 2084 2402 Superbum,
2130 2324 2234 2400 qui
2293 2323 2395 2400 Sp.

492 2426 789 2498 Cassium,
840 2427 941 2503 Sp.
982 2424 1272 2482 Maelium
1320 2443 1442 2482 non
1486 2423 1724 2482 oderit?
1810 2423 1963 2481 Cum
2010 2421 2250 2480 duobus
2293 2421 2397 2480 du-

489 2524 661 2584 cibus
712 2525 789 2583 de
836 2519 1087 2600 imp‘erio
1136 2523 1195 2579 in
1248 2520 1428 2579 Italia
1473 2530 1565 2577 est
1614 2520 2010 2591 decertatum,
2059 2518 2290 2596 Pyrrho
2335 2527 2397 2576 et

493 2621 847 2680 Hannibale
869 2643 887 2695 3
955 2622 1033 2680 ab
1090 2620 1283 2678 altero
1340 2626 1589 2693 propter
1644 2615 2007 2692 probitatem
2079 2615 2210 2675 eius
2272 2613 2393 2675 non

491 2719 669 2778 nimis
699 2720 931 2782 alienos
962 2719 1197 2776 animos
1227 2717 1541 2786 habemuS‚
1576 2714 1830 2772 alterurn
1868 2722 2117 2791 propter
2145 2712 2397 2771 erudeli·

490 2827 677 2876 tatem
709 2834 949 2893 semper
978 2817 1129 2874 haec
1159 2813 1371 2872 civitas
1402 2810 1614 2870 oderit.
1757 2819 1817 2879 xl

389 2933 460 2992 ²9
574 2913 684 2972 IX.
769 2913 953 2986 Quod
998 2913 1047 2971 si
1091 2921 1260 2970 tanta
1289 2910 1380 2969 vis
1425 2907 1743 2986 probitatis
1773 2917 1883 2980 est,
1914 2916 1981 2965 ut
2020 2924 2157 2968 eam
2190 2904 2286 2965 vel
2333 2904 2394 2963 in

491 3010 595 3083 eiS‚
643 3030 798 3088 quos
846 3029 1169 3086 numquam
1217 3007 1498 3079 vidimus,
1550 3006 1664 3079 vel,
1720 3005 1883 3081 quod
1931 3004 2124 3063 maius
2173 3013 2283 3075 est,
2333 3003 2396 3061 in

490 3110 666 3168 hoste
709 3108 891 3166 etiam
936 3107 1273 3184 diligamuS,
1304 3105 1451 3180 quid
1496 3104 1706 3162 mirum
1751 3113 1862 3175 est,
1896 3101 1948 3161 si
1990 3100 2177 3160 animi
2210 3100 2397 3159 homi-

493 3224 635 3265 num
680 3214 1049 3271 moveantur,
1080 3222 1215 3262 cum
1264 3221 1491 3274 eorum,
1524 3201 1883 3282 quibuscum
1931 3218 2045 3258 usu
2090 3198 2396 3259 coniuncti

491 3321 628 3363 esse
666 3312 938 3379 possunt,
971 3300 1250 3359 virtutem
1298 3310 1359 3358 et
1396 3297 1729 3358 bonitatem
1771 3296 2118 3374 perspicere
2156 3293 2396 3355 videan-

492 3401 631 3462 tur?
692 3400 1074 3475 Quamquam
1101 3396 1492 3456 confirmatur
1515 3414 1685 3455 amor
1714 3405 1776 3453 et
1804 3393 2107 3455 beneficio
2141 3402 2394 3471 accepto

492 3506 557 3557 et
604 3497 806 3556 studio
854 3508 1173 3574 perspecto
1222 3504 1285 3553 et
1330 3492 1770 3553 consuetudine
1822 3491 2125 3559 adiuncta,
2176 3492 2396 3569 quibus
