2788 3999
413 329 577 384 Χιν.
604 328 704 402 48]
1132 327 1243 380 DE
1294 325 1697 381 AMICITIA.
2232 328 2314 397 19

411 499 781 576 praeclaram
814 496 1211 575 sapientiam!
1297 496 1501 556 Solem
1546 494 1705 555 enim
1748 515 1783 555 e
1826 496 2056 557 mundo
2099 496 2312 557 tollere

410 595 690 655 videntur
718 594 791 666 ei,
825 595 929 671 qui
973 593 1296 653 amicitiam
1327 612 1361 653 e
1389 593 1515 652 vita
1544 593 1782 664 tollunt,
1813 613 1934 670 qua
1963 594 2109 654 nihil
2154 614 2191 653 a
2218 593 2314 653 dis

411 691 850 751 immortalibus
896 691 1112 751 melius
1159 690 1472 762 habemus,
1511 690 1659 749 nihil
1709 690 2047 750 iucundius.
2135 689 2312 765 Quae

409 799 503 850 est
545 788 706 849 enim
755 788 873 847 ista
921 787 1262 847 securitas?
1347 788 1564 864 Specie
1612 786 1854 863 quidem
1905 786 2154 858 blanda,
2202 785 2313 847 sed

409 905 621 964 reapse
652 885 857 944 multis
892 884 1042 944 locis
1084 884 1486 961 repudianda.
1573 885 1791 959 Neque
1834 883 1993 941 enim
2039 893 2136 944 est
2175 903 2316 944 con·

409 993 768 1043 sentaneum
813 982 997 1041 ullam
1046 981 1365 1041 honestam
1414 999 1538 1039 rem
1587 980 1980 1053 actionemve‚
2032 999 2108 1040 ne
2153 981 2313 1041 solli·

408 1081 563 1140 citus
608 1079 717 1151 sis,
763 1088 868 1138 aut
914 1098 1035 1138 non
1082 1078 1393 1155 suscipere
1441 1087 1545 1137 aut
1590 1089 1930 1154 susceptam
1983 1078 2312 1155 deponere.

409 1176 594 1251 Quod
650 1176 701 1236 si
763 1194 966 1235 curam
1037 1175 1320 1253 fugimuS,
1378 1174 1571 1234 virtus
1627 1174 1917 1252 fugienda
1986 1186 2097 1248 est,
2154 1194 2314 1252 quae

409 1293 658 1333 necesse
689 1283 783 1333 est
823 1293 961 1333 cum
1004 1272 1209 1351 aliqua
1250 1291 1397 1332 cura
1440 1291 1537 1332 res
1579 1271 1696 1332 sibi
1738 1272 2073 1333 contrarias
2115 1292 2316 1351 asper·

409 1381 585 1431 netur
640 1381 823 1446 atque
875 1370 1089 1443 oderit,
1139 1382 1205 1429 ut
1252 1370 1496 1429 bonitas
1543 1368 1859 1440 malitiam,
1911 1370 2315 1447 temperantia

409 1468 737 1540 libidinem,
797 1467 1098 1546 ignaviam
1153 1466 1466 1527 fortitud0.
1581 1467 1799 1542 Itaque
1855 1467 2065 1526 videas
2132 1469 2315 1527 rebus

409 1566 645 1626 iniustis
695 1565 888 1625 iustos
934 1565 1194 1624 maxime
1240 1564 1468 1636 dolere,
1517 1562 1862 1623 imbellibus
1908 1565 2102 1636 fortiS,
2152 1565 2319 1644 flagi·

409 1662 580 1722 tiosis
636 1663 968 1722 modestos,
1053 1662 1215 1740 Ergo
1266 1662 1383 1721 hoc
1432 1661 1737 1738 proprium
1785 1671 1880 1721 est
1926 1662 2110 1721 animi
2154 1663 2314 1723 bene

407 1759 737 1832 constituti,
785 1769 848 1819 et
892 1758 1104 1818 laetari
1154 1759 1333 1817 bonis
1384 1758 1567 1817 rebus
1612 1768 1675 1817 et
1719 1758 1927 1818 dolere
1974 1760 2311 1822 contrariis,

408 1855 607 1929 Quam
647 1857 729 1915 ob
771 1875 896 1915 rem
948 1855 1000 1916 si
1049 1855 1215 1915 cadit
1261 1855 1320 1913 in
1369 1855 1707 1931 sapientem
1756 1854 1939 1914 animi
1985 1856 2177 1930 dolor,
2210 1858 2313 1935 qui
2344 1859 2418 1936 48

406 1953 680 2029 profecto
710 1952 891 2023 cadit,
924 1950 1142 2012 nisiex
1185 1951 1315 2011 eius
1359 1951 1562 2011 animo
1607 1951 2000 2030 exstirpatam
2045 1954 2315 2015 humani·

407 2059 590 2111 tatem
623 2049 999 2121 arbitramur,
1031 2066 1189 2125 quae
1219 2068 1407 2108 causa
1435 2058 1530 2108 est
1559 2068 1665 2107 cur
1687 2049 2012 2110 amicitiam
2039 2052 2314 2113 funditus

407 2148 692 2206 tollamus
740 2165 774 2206 e
823 2147 965 2216 vita,
1019 2164 1095 2205 ne
1143 2146 1379 2222 aliquas
1428 2156 1678 2223 propter
1726 2165 1859 2206 eam
1913 2147 2314 2225 suscipiamus

407 2244 758 2304 molestias?
858 2242 1022 2316 Quid
1075 2242 1233 2301 enim
1288 2243 1543 2303 interest
1593 2254 1760 2302 motu
1811 2244 1994 2304 animi
2052 2245 2311 2319 sublat0,

407 2360 528 2400 non
558 2341 697 2400 dico
726 2340 881 2399 inter
910 2340 1205 2416 pecudem
1237 2349 1297 2398 et
1327 2339 1652 2414 hominem,
1685 2342 1794 2400 sed
1824 2341 1981 2400 inter
2009 2342 2312 2402 hominem

407 2447 467 2497 et
515 2448 791 2497 truncum
844 2447 947 2496 aut
995 2455 1208 2495 saxum
1255 2446 1359 2496 aut
1406 2437 1649 2514 quidvis
1706 2439 1947 2516 generis
1999 2438 2313 2500 eiusdem?

408 2537 625 2612 Neque
655 2534 814 2593 enim
847 2543 988 2593 sunt
1030 2533 1128 2592 isti
1171 2534 1477 2606 audiendi,
1524 2536 1628 2613 qui
1670 2536 1951 2596 virtutem
1996 2537 2206 2596 duram
2252 2547 2314 2598 et

407 2631 579 2709 quasi
621 2632 877 2690 ferream
924 2648 1060 2690 esse
1104 2630 1410 2707 quandam
1443 2632 1695 2692 volunt:
1756 2652 1912 2708 quae
1943 2633 2187 2709 quidem
2219 2643 2315 2696 est

406 2749 541 2789 cum
572 2728 777 2788 multis
807 2727 867 2786 in
898 2727 1080 2787 rebus
1108 2738 1233 2786 tum
1267 2728 1328 2787 in
1369 2728 1637 2789 amicitia
1679 2739 1889 2788 tenera
1933 2739 2114 2808 atque
2156 2741 2311 2791 trac-

407 2826 627 2898 tabilis,
678 2835 745 2886 ut
790 2834 852 2885 et
899 2824 1079 2885 bonis
1129 2824 1304 2891 amici
1349 2825 1528 2903 quasi
1571 2825 1947 2886 diffundatur
1990 2837 2053 2886 et
2090 2828 2314 2888 incom-

408 2923 604 2982 modis
634 2923 1047 2982 contrahatur.
1132 2922 1333 2996 Quam
1364 2924 1446 2982 ob
1476 2942 1600 2981 rem
1642 2942 1833 3001 angor
1875 2923 2006 2998 iste,
2053 2925 2157 3002 qui
2199 2945 2312 3003 pro

406 3019 599 3078 amico
629 3038 814 3097 saepe
844 3019 1179 3095 capiendus
1202 3028 1314 3093 est,
1345 3038 1471 3078 non
1502 3029 1733 3079 tantum
1765 3022 1946 3095 valet,
1977 3031 2044 3081 ut
2072 3023 2249 3082 tollat
2277 3042 2312 3082 e

403 3116 529 3176 vita
573 3117 916 3189 amicitiam,
970 3135 1094 3176 non
1141 3115 1280 3192 plus
1327 3136 1508 3192 quam
1557 3127 1623 3175 ut
1671 3117 1942 3192 virtutes,
1994 3119 2139 3196 quia
2186 3140 2314 3181 non

406 3214 603 3273 nullas
633 3233 811 3273 curas
841 3224 902 3273 et
935 3213 1243 3273 molestias
1273 3212 1555 3287 afferunt,
1587 3215 2000 3291 repudientur.
2225 3198 2244 3206 d

483 3311 660 3371 XIV.
750 3312 906 3372 Cum
964 3320 1166 3369 autem
1225 3311 1548 3369 contrahat
1606 3312 1949 3383 amicitiam,
2006 3321 2074 3372 ut
2129 3333 2313 3392 supra

404 3408 543 3478 dixi,
597 3409 647 3468 si
697 3427 820 3485 qua
875 3407 1234 3485 significatio
1278 3407 1517 3467 virtutis
1572 3409 1824 3481 eluceat,
1868 3410 1946 3469 ad
2003 3428 2186 3487 quam
2244 3430 2312 3472 se

405 3505 614 3566 similis
662 3504 899 3563 animus
957 3505 1219 3581 applicet
1270 3515 1330 3563 et
1378 3505 1687 3583 adiungat,
1735 3507 1794 3565 id
1847 3526 1984 3566 cum
2040 3506 2311 3586 contigit,
