2788 3999
461 315 508 377 4
1231 284 1576 369 LAELIUS
2189 315 2302 387 [11.
2334 319 2367 371 8

459 506 580 545 non
626 483 1011 556 commoveri,
1051 501 1164 543 nec
1205 483 1396 542 fuisse
1440 483 1501 542 id
1544 482 1937 544 humanitatis
1966 493 2144 545 tuae:
2200 486 2364 563 quod

457 594 660 643 autem
693 581 891 640 Nonis
932 581 991 639 in
1030 581 1290 658 collegio
1321 592 1532 639 nostro
1573 600 1694 639 non
1740 580 2039 654 affuisseS,
2070 582 2364 641 valetudi-

456 699 594 739 nem
624 677 968 755 respondeo
997 695 1264 749 causam‚
1297 696 1421 737 non
1453 679 1816 737 maestitiam
1843 677 2046 738 fuisse.

535 778 829 836 Laeuus·
917 776 1110 834 Recte
1154 785 1219 833 tu
1262 775 1528 852 quidem,
1571 775 1880 848 Scaevola,
1926 786 1989 835 et
2030 795 2208 837 vere:
2251 797 2364 839 nec

452 874 613 934 enim
638 874 715 933 ab
747 874 865 933 isto
896 871 1113 944 offici0,
1140 871 1306 949 quod
1337 890 1577 949 semper
1599 873 1886 949 usurpavi
1915 891 2052 932 cum
2077 874 2360 949 valerem,

455 971 674 1031 abduci
722 967 1111 1030 incommodo
1156 986 1293 1027 meo
1340 968 1544 1040 debui,
1586 987 1699 1028 nec
1745 969 1871 1030 ullo
1911 988 2057 1029 casu
2104 971 2362 1030 arbitror

450 1068 567 1127 hoc
599 1065 904 1127 constanti
936 1063 1166 1124 homini
1197 1084 1381 1142 posse
1411 1066 1782 1144 contingere,
1813 1076 1880 1125 ut
1908 1066 2033 1126 ulla
2068 1067 2361 1128 intermis-

381 1185 417 1241 9
449 1165 541 1224 sio
570 1166 677 1224 fiat
706 1164 882 1224 offici.
971 1164 1066 1220 Tu
1098 1173 1321 1235 autem,
1351 1163 1569 1236 Fanni,
1602 1163 1768 1241 quod
1804 1163 1950 1221 mihi
1991 1174 2226 1224 tantum
2257 1166 2360 1225 tri-

378 1286 383 1289 ’
447 1262 551 1323 bui
596 1262 765 1334 dicis,
812 1269 1104 1338 quantum
1149 1278 1264 1336 ego
1308 1279 1424 1320 nec
1463 1279 1733 1337 agnosco
1774 1278 1887 1319 nec
1913 1261 2175 1338 postulo,
2205 1262 2359 1323 facis

450 1360 659 1433 amice,
692 1359 820 1427 sed,
851 1368 915 1417 ut
946 1357 1090 1416 mihi
1118 1356 1359 1430 videris,
1393 1377 1517 1416 non
1547 1363 1710 1417 recte
1735 1357 1968 1417 iudicas
1997 1358 2075 1417 de
2101 1360 2356 1421 Catone.

447 1459 573 1515 Aut
601 1457 760 1516 enim
797 1474 991 1526 nemo,
1024 1453 1188 1531 quod
1218 1453 1464 1530 quidem
1508 1454 1702 1532 magis
1730 1455 1932 1526 crede,
1964 1466 2088 1529 aut,
2120 1456 2170 1515 si
2200 1457 2359 1535 quis-

447 1572 646 1630 quam,
695 1554 795 1612 ille
843 1552 1087 1629 sapiens
1131 1551 1264 1610 fuit.
1350 1550 1493 1624 Quo
1541 1552 1745 1624 mode,
1788 1560 1854 1610 ut
1898 1552 2017 1611 alia
2061 1553 2355 1628 omittam,

444 1661 698 1709 mortem
743 1649 828 1708 fili
874 1648 1046 1708 tulit!
1133 1648 1536 1707 Memineram
1582 1648 1857 1719 Paulum,
1898 1649 2165 1708 videram
2210 1650 2352 1710 Gal-

444 1746 567 1805 lum
587 1768 606 1820 3
660 1746 769 1806 sed
800 1745 861 1803 hi
892 1745 952 1803 in
983 1745 1203 1823 pueriS,
1230 1745 1388 1804 Cato
1419 1744 1479 1802 in
1512 1745 1784 1819 perfecto
1814 1756 1875 1804 et
1905 1756 2183 1822 spectato
2206 1747 2352 1808 vir0.

345 1863 411 1901 10
442 1843 643 1917 Quam
687 1844 769 1903 ob
808 1861 933 1902 rem
977 1860 1124 1902 cave
1159 1841 1380 1902 Catoni
1411 1852 1753 1918 anteponas
1785 1861 1862 1901 ne
1894 1843 2076 1902 istum
2107 1844 2352 1921 quidem

335 3122 399 3163 11

445 1941 659 2018 ipsum,
705 1959 886 2019 quem
932 1940 1174 2018 Apollo,
1204 1949 1270 1997 ut
1315 1938 1421 2010 aiS,
1466 1937 1980 2015 sapientissimum
2027 1939 2352 2004 iudicavit:

439 2038 617 2098 huius
646 2039 804 2097 enim
837 2038 1016 2109 facta,
1050 2038 1209 2096 illius
1240 2036 1404 2095 dicta
1435 2035 1777 2094 laudantur.
1867 2037 1962 2096 De
1995 2056 2092 2096 me
2127 2049 2349 2113 autem,

439 2144 507 2193 ut
562 2134 680 2194 iam
748 2153 886 2194 cum
954 2145 1211 2211 utroque
1268 2144 1537 2192 vestrum
1601 2132 1834 2208 loquar,
1892 2133 1980 2193 sic
2040 2135 2350 2195 habetote.

441 2233 562 2290 ΙΙΙ.
635 2233 765 2310 Ego
788 2231 840 2291 si
873 2231 1174 2309 Scipionis
1198 2229 1504 2289 desiderio
1528 2247 1623 2287 me
1648 2229 1873 2287 moveri
1905 2248 2139 2308 negem,
2165 2250 2347 2309 quam

440 2329 502 2387 id
546 2339 709 2388 recte
755 2328 973 2387 faciam
1023 2327 1282 2386 viderint
1331 2326 1660 2404 sapientes,
1709 2325 1820 2386 sed
1859 2338 2023 2386 certe
2071 2329 2345 2391 mentiar.

440 2428 699 2486 Moveor
753 2425 914 2485 enim
967 2424 1073 2484 tali
1119 2424 1315 2483 amico
1365 2425 1634 2497 orbatus,
1689 2424 1903 2502 qualis,
1957 2435 2023 2493 ut
2072 2426 2348 2501 arbitror,

438 2541 616 2581 nemo
661 2541 947 2601 umquam
987 2521 1116 2592 erit,
1146 2530 1212 2579 ut
1257 2521 1616 2580 confirmare
1662 2540 1929 2597 possum,
1963 2540 2144 2582 nemo
2182 2535 2348 2584 certe

437 2620 566 2679 fuit.
677 2620 795 2679 Sed
849 2637 970 2677 non
1028 2637 1179 2695 egeo
1231 2617 1567 2678 medicina:
1629 2636 1723 2677 me
1771 2618 1900 2695 ipse
1951 2620 2238 2681 consolor
2285 2634 2347 2682 et

437 2716 696 2774 maxime
731 2716 835 2775 illo
880 2714 1126 2785 solaci0,
1159 2713 1323 2790 quod
1367 2732 1442 2773 eo
1486 2732 1688 2774 errore
1731 2733 1930 2783 careo,
1962 2736 2086 2794 quo
2130 2719 2348 2779 amico-

436 2831 567 2871 rum
598 2813 853 2872 decessu
882 2811 1324 2890 plerique'angi
1360 2812 1579 2871 solent.
1667 2812 1834 2872 Nihil
1867 2814 2008 2872 mali
2048 2816 2346 2877 accidisse

439 2909 707 2986 Scipioni
736 2919 918 2986 puto:
976 2908 1121 2967 mihi
1151 2908 1388 2981 accidit,
1416 2908 1466 2968 si
1497 2908 1643 2987 quid
1674 2910 1895 2970 accidit
1917 2934 1934 2985 3
1973 2909 2118 2973 ‘suis
2143 2924 2343 2973 autem

435 3006 835 3066 incommodis
875 3005 1138 3084 graviter
1186 3006 1328 3084 angi
1378 3025 1503 3065 non
1550 3007 1826 3080 amicum,
1873 3009 1982 3068 sed
2030 3028 2097 3068 se
2144 3009 2342 3087 ipsum

436 3104 695 3164 amantis
724 3114 834 3163 est.
921 3104 1075 3163 Cum
1107 3104 1212 3163 illo
1234 3122 1378 3163 vero
1407 3104 1542 3181 quis
1566 3114 1747 3182 neget
1776 3115 1976 3164 actum
2009 3125 2146 3166 esse
2176 3128 2344 3185 prae-

435 3199 642 3260 clare?
724 3199 857 3259 Nisi
904 3200 1087 3272 enim,
1134 3201 1298 3276 quod
1350 3201 1448 3258 ille
1494 3200 1738 3259 minime
1785 3202 2059 3278 putabat,
2109 3203 2343 3264 immor·

434 3296 729 3355 talitatem
786 3306 999 3374 optare
1055 3296 1256 3369 vellet,
1309 3296 1456 3374 quid
1514 3316 1635 3356 non
1694 3297 1955 3377 adeptus
2010 3311 2123 3374 est,
2175 3301 2341 3379 quod

432 3392 663 3451 homini
710 3394 807 3451 fas
857 3402 1022 3452 esset
1076 3403 1306 3470 optare,
1358 3394 1462 3470 qui
1518 3413 1812 3454 summam
1871 3416 2042 3474 spem
2100 3397 2337 3473 civium,

434 3508 616 3566 quam
647 3490 724 3548 de
754 3508 830 3548 eo
859 3489 976 3548 iarn
1020 3509 1211 3567 puero
1252 3492 1610 3562 habuerant,
1639 3493 1930 3554 continuo
1974 3496 2339 3556 adulescens
