2788 3999
355 335 488 389 xv.
515 329 613 405 51]
991 329 1103 385 DE
1152 326 1663 386 SENECTUTE.
2181 330 2258 381 21

354 501 550 582 patris
603 501 711 575 tui,
766 500 991 580 Scipio.
1073 501 1377 577 Quotiens
1425 501 1592 560 illum
1650 500 1755 560 lux
1803 509 1990 560 noctu
2039 499 2269 579 aliquid

354 601 704 661 describere
734 602 1090 679 ingressum,
1122 600 1408 678 quotiens
1438 619 1559 659 nox
1588 599 1892 676 oppressit
1921 617 2060 658 cum
2091 616 2269 657 mane

354 699 699 776 coepisset!
785 698 983 773 Quam
1016 698 1365 757 delectabat
1408 715 1548 756 eum
1592 696 1975 756 defectiones
2018 697 2165 757 solis
2208 704 2270 755 et

354 795 539 855 lunae
578 795 773 855 multo
804 805 944 854 ante
974 794 1152 854 nobis
1181 794 1568 872 praedicere!
1654 792 1821 867 Quid
1851 793 1912 852 in
1943 794 2270 853 levioribus
2303 811 2373 872 50

355 892 598 965 studiiS,
627 893 737 952 sed
767 903 970 952 tamen
1017 891 1256 951 acutis?
1340 891 1542 965 Quam
1588 889 1900 967 gaudebat
1943 890 2115 951 Bello
2158 909 2272 950 suo

360 988 595 1049 Punico
627 989 912 1061 NaeviuS,
944 1008 1124 1066 quam
1155 988 1532 1048 Truculento
1566 987 1835 1062 PlautuS,
1869 1008 2050 1066 quam
2093 989 2275 1048 Pseu-

356 1086 545 1147 dolo!
629 1087 775 1146 Vidi
813 1087 995 1145 etiam
1038 1105 1248 1146 senem
1297 1085 1555 1157 Livium,
1601 1083 1724 1162 qui,
1766 1104 1901 1144 cum
1947 1104 2056 1145 sex
2099 1085 2275 1145 annis

358 1194 504 1244 ante
549 1202 733 1261 quam
778 1203 893 1262 ego
937 1195 1117 1244 natus
1161 1203 1294 1244 sum
1337 1181 1612 1241 fabulam
1656 1182 1966 1242 docuisset
1997 1184 2275 1243 Centone

357 1282 797 1359 Tuditanoque
827 1282 1200 1351 consulibus,
1232 1299 1429 1357 usque
1462 1280 1541 1339 ad
1573 1279 2051 1340 adulescentiam
2078 1299 2274 1340 meam

357 1379 661 1458 processit
691 1389 908 1438 aetate.
996 1378 1162 1454 Quid
1192 1379 1269 1437 de
1304 1377 1371 1434 P.
1406 1377 1601 1437 Licini
1647 1377 1855 1438 Crassi
1899 1386 1960 1436 et
2001 1377 2277 1455 pontifici

359 1488 421 1537 et
465 1476 665 1536 civilis
704 1476 849 1536 iuris
891 1476 1095 1535 studio
1139 1476 1357 1552 loquar
1397 1485 1500 1535 aut
1540 1475 1617 1536 de
1648 1475 1826 1534 huius
1859 1475 1921 1535 P.
1959 1474 2276 1553 ScipioniS,

361 1574 468 1652 qui
523 1575 618 1634 his
674 1575 888 1652 paucis
943 1573 1161 1633 diebus
1218 1572 1496 1650 pontifex
1552 1572 1850 1632 maximus
1896 1573 2097 1632 factus
2143 1577 2280 1634 est?

361 1675 569 1750 Atque
616 1689 725 1731 eos
776 1671 992 1743 omniS‚
1046 1689 1203 1748 quos
1247 1671 1732 1744 commemoravi,
1778 1671 1873 1730 his
1918 1671 2134 1731 studiis
2177 1670 2278 1730 fla·

358 1768 597 1847 grantis
625 1786 805 1827 senes
835 1767 1114 1827 vidimus,
1204 1769 1295 1826 M.
1332 1788 1477 1828 vero
1511 1768 1866 1846 Cethegum,
1900 1786 2080 1845 quem
2117 1778 2280 1828 recte

360 1866 595 1926 suadae
626 1865 955 1926 medullam
996 1865 1147 1924 dixit
1193 1866 1446 1939 EnniuS,
1493 1876 1724 1944 quanto
1769 1864 1973 1925 studio
2015 1865 2281 1925 exerceri

361 1964 425 2025 in
456 1962 721 2025 dicendo
751 1961 1112 2023 videbamus
1142 1962 1322 2023 etiam
1368 1982 1577 2023 senem
1600 1967 1622 2023 l*
1699 1950 1876 2038 Quae
1919 1972 2061 2023 sunt
2104 1962 2283 2042 igitur

361 2065 681 2144 epularum
731 2072 835 2122 aut
886 2061 1166 2122 ludorum
1227 2073 1331 2123 aut
1375 2072 1710 2122 scortorum
1755 2062 2100 2139 voluptates
2143 2081 2280 2121 cum

361 2164 459 2224 his
514 2161 934 2241 voluptatibus
991 2161 1486 2238 comparandae?
1572 2163 1773 2237 Atque
1828 2160 1982 2219 haec
2033 2159 2279 2237 quidem

363 2262 571 2322 studia
628 2262 960 2334 doctrinae,
1005 2277 1184 2337 =quae
1240 2257 1487 2335 quidem
1546 2257 1950 2335 prudentibus
2006 2265 2069 2316 et
2123 2255 2281 2316 bene

364 2357 658 2418 institutis
688 2359 913 2436 pariter
942 2377 1077 2418 cum
1112 2366 1314 2416 aetate
1344 2365 1644 2427 crescunt,
1679 2366 1745 2413 ut
1775 2354 2100 2413 honestum
2132 2353 2281 2413 illud

368 2455 617 2515 Solonis
666 2456 761 2528 sit,
812 2454 980 2534 quod
1031 2456 1115 2515 ait
1167 2453 1470 2513 versiculo
1513 2452 1798 2529 quodam,
1844 2460 1910 2510 ut
1952 2461 2095 2511 ante
2139 2451 2279 2524 dixi,

366 2571 690 2612 senescere
720 2571 787 2612 se
817 2553 1007 2612 multa
1036 2552 1096 2612 in
1142 2552 1276 2611 dies
1324 2549 1760 2621 addiscentem,
1808 2566 1929 2627 qua
1969 2548 2282 2626 voluptate

367 2649 557 2708 animi
588 2649 754 2708 nulla
782 2660 945 2709 certe
976 2659 1181 2726 potest
1210 2667 1347 2708 esse
1381 2646 1592 2706 maior.

450 2747 589 2805 XV.
672 2746 874 2805 Venio
905 2766 1067 2805 nunc
1097 2746 1173 2805 ad
1204 2746 1554 2823 voluptates
1600 2743 2014 2823 agricolarum,
2061 2744 2280 2821 quibus
2314 2763 2373 2822 5¹

368 2862 485 2921 ego
533 2842 966 2904 incredibiliter
1009 2844 1297 2917 delector,
1344 2862 1502 2921 quae
1548 2860 1663 2901 nec
1706 2842 1830 2901 ulla
1873 2841 2283 2919 impediuntur

367 2950 689 3001 senectute
731 2949 793 3000 et
835 2941 981 2999 mihi
1026 2941 1104 3000 ad
1148 2940 1443 3017 sapientis
1473 2939 1658 3000 vitam
1699 2939 1970 3017 proxime
2000 2939 2284 2999 videntur

370 3037 687 3098 accedere.
793 3038 1048 3097 Habent
1103 3037 1262 3096 enim
1323 3038 1619 3097 rationem
1694 3056 1832 3097 cum
1890 3047 2063 3110 terra,
2124 3055 2283 3113 quae

372 3154 701 3213 numquam
760 3146 1002 3194 recusat
1050 3135 1365 3211 imperium
1418 3155 1535 3195 nec
1584 3154 1870 3214 umquam
1918 3134 2049 3194 sine
2099 3153 2282 3194 usura

370 3232 572 3293 reddit
602 3232 767 3310 quod
799 3232 1051 3310 accepit,
1084 3232 1194 3291 sed
1224 3232 1374 3292 alias
1400 3232 1648 3306 minore,
1674 3234 2030 3311 plerumque
2053 3231 2280 3291 maiore

370 3349 508 3390 cum
528 3331 778 3390 faenore
799 3352 817 3404 ;
860 3348 1226 3406 quamquam
1258 3348 1354 3388 me
1385 3330 1631 3407 quidem
1662 3350 1785 3390 non
1815 3332 2048 3391 fructus
2077 3328 2279 3403 modo,

373 3428 484 3487 sed
530 3427 713 3486 etiam
761 3426 949 3503 ipsius
993 3435 1189 3484 terrae
1235 3427 1327 3485 vis
1371 3445 1444 3485 ac
1488 3437 1704 3487 natura
1734 3428 2017 3489 delectat.
2104 3428 2279 3503 Quae

372 3544 509 3583 cum
540 3523 770 3601 gremio
799 3523 1033 3582 mollito
1065 3542 1138 3582 ac
1165 3523 1423 3582 subacto
1454 3543 1729 3601 sparsum
1771 3545 1978 3585 semen
2023 3523 2277 3603 excepit,
