2788 3999
441 329 753 403 xv11.61]
1134 331 1244 385 DE
1296 333 1701 386 AM1c1T1A.
2257 337 2337 401 23

436 501 709 560 restricte
756 520 832 559 ne
881 502 1019 578 plus
1064 501 1281 560 reddat
1326 522 1508 578 quam
1555 501 1895 581 acceperit:
1953 520 2149 581 neque
2178 505 2339 564 enim

433 600 760 659 verendum
802 610 897 657 est
943 618 1019 657 ne
1065 599 1211 675 quid
1255 600 1497 659 excidat
1544 611 1647 659 aut
1697 620 1774 660 ne
1819 602 1966 680 quid
2012 603 2074 660 in
2119 612 2337 662 terram

433 697 661 756 defluat
693 706 797 755 aut
828 714 903 754 ne
934 697 1069 773 plus
1099 715 1298 774 aequo
1327 697 1473 773 quid
1505 698 1565 755 in
1595 698 1917 757 amicitiam
1952 687 2339 776 congeratur.

433 795 677 854 Tertius
706 813 851 853 vero
880 793 980 852 ille
1015 794 1154 853 finis
1197 795 1577 869 deterrimus,
1606 807 1689 869 ut,
1721 797 1930 873 quanti
1974 798 2229 875 quisque
2273 816 2340 857 se
2371 815 2440 875 59

434 892 564 970 ipse
626 893 829 966 faciat,
882 891 1033 950 tanti
1075 892 1181 950 fiat
1225 894 1303 952 ab
1348 894 1579 954 amicis.
1667 895 1862 970 Saepe
1905 895 2066 953 enim
2111 895 2169 953 in
2215 895 2341 972 qui·

434 990 690 1050 busdam
722 1000 826 1048 aut
853 989 1090 1048 animus
1121 990 1416 1050 abiectior
1445 1001 1538 1050 est
1568 1001 1671 1050 aut
1701 1010 1842 1066 spes
1873 991 2340 1068 amplificandae

430 1087 1016 1147 fortunaefractior.
1103 1088 1246 1146 Non
1290 1098 1384 1147 est
1426 1085 1607 1166 igitur
1649 1088 1826 1147 amici
1871 1090 2052 1147 talem
2097 1108 2234 1148 esse
2277 1089 2335 1148 in

431 1204 587 1258 eum,
620 1185 819 1261 qualis
848 1183 947 1241 ille
977 1183 1040 1241 in
1068 1203 1135 1242 se
1158 1195 1266 1256 est,
1299 1186 1411 1245 sed
1444 1186 1646 1261 potius
1678 1186 1823 1245 eniti
1868 1169 1930 1245 et
1973 1186 2228 1258 efficere,
2273 1196 2340 1246 ut

432 1281 608 1340 amici
639 1281 937 1339 iacentem
980 1280 1245 1338 animum
1327 1282 1514 1341 xcitet
1557 1276 1936 1359 inducatque⁴
1969 1302 2142 1359 spem
2184 1283 2342 1361 cogi-

430 1378 843 1453 tationemque
874 1375 1202 1436 meliorem.
1275 1378 1451 1437 Alius
1482 1378 1661 1454 igitur
1678 1379 1816 1438 finis
1839 1398 2016 1438 verae
2041 1379 2340 1438 amicitiae

430 1473 895 1534 constituendus
935 1483 1044 1545 est,
1078 1474 1128 1532 si
1172 1475 1357 1551 prius,
1405 1476 1553 1552 quid
1593 1477 1851 1535 maxime
1896 1477 2339 1553 reprehendere

432 1571 636 1647 Scipio
666 1571 880 1630 solitus
910 1570 1003 1643 sit,
1037 1571 1264 1633 dixero,
1352 1575 1638 1650 Negabat
1668 1575 1852 1632 ullam
1896 1593 2107 1633 vocem
2152 1574 2341 1634 inimi-

428 1668 651 1727 ciorem
680 1670 983 1730 amicitiae
1008 1669 1280 1747 potuisse
1308 1672 1551 1747 reperiri
1578 1690 1758 1747 quam
1783 1672 1931 1742 eius,
1958 1672 2060 1748 qui
2086 1672 2340 1732 dixisset

429 1765 515 1825 ita
556 1785 759 1826 amare
803 1779 1100 1845 oportere,
1133 1781 1197 1827 ut
1240 1769 1290 1827 si
1335 1769 1668 1845 aliquando
1713 1779 1878 1828 esset
1907 1788 2167 1844 osurus3
2227 1789 2340 1828 nec

427 1882 571 1923 vero
600 1884 667 1924 se
698 1865 920 1925 adduci
938 1884 1140 1943 posse,
1165 1876 1231 1924 ut
1261 1866 1394 1938 hoc,
1422 1885 1602 1943 quem
1628 1866 1704 1925 ad
1736 1866 1983 1925 modum
2009 1877 2338 1943 putaretur,

428 1980 465 2021 a
496 1961 708 2022 Biante
738 1981 873 2024 esse
904 1963 1132 2023 dictum
1165 1963 1458 2035 crederet,
1492 1963 1594 2041 qui
1625 1964 1874 2041 sapiens
1906 1964 2148 2024 habitus
2176 1973 2340 2025 esset

426 2078 585 2118 unus
641 2079 674 2117 e
728 2072 964 2138 septem
990 2083 1008 2134 3
1074 2060 1291 2138 impuri
1341 2061 1655 2120 cuiusdam
1715 2072 1818 2120 aut
1875 2062 2178 2121 ambitiosi
2235 2073 2340 2121 aut

426 2157 634 2215 omnia
673 2157 751 2215 ad
795 2176 965 2217 suam
1010 2158 1346 2235 potentiam
1389 2158 1731 2218 revocantis
1774 2177 1910 2217 esse
1953 2159 2339 2218 sententiam.

428 2252 711 2327 Quonam
744 2256 906 2314 enim
946 2256 1132 2315 modo
1176 2255 1498 2331 quisquam
1544 2255 1774 2314 amicus
1817 2275 1956 2315 esse
1999 2257 2219 2332 poterit
2261 2257 2336 2327 ei,

426 2351 523 2410 cui
566 2371 632 2410 se
675 2353 914 2429 putabit
961 2352 1269 2411 inimicum
1313 2371 1450 2411 esse
1495 2355 1719 2428 posse?
1803 2352 1967 2425 Quin
2011 2353 2192 2411 etiam
2240 2372 2338 2411 ne-

426 2467 600 2508 cesse
647 2450 761 2520 erit
803 2468 1023 2527 cupere
1070 2460 1133 2508 et
1176 2460 1388 2526 optare
1421 2460 1486 2507 ut
1516 2468 1696 2525 quam
1728 2449 2083 2525 saepissime
2124 2458 2340 2525 peccet

428 2545 674 2619 amicuS,
708 2566 830 2622 quo
862 2546 1050 2623 pluris
1082 2547 1185 2605 det
1216 2546 1329 2605 sibi
1358 2557 1668 2622 tamquam
1702 2564 1883 2604 ansas
1913 2547 1991 2604 ad
2023 2547 2341 2623 reprehen-

427 2642 730 2715 dendum:
791 2662 1024 2703 rursum
1058 2654 1259 2703 autem
1293 2655 1455 2702 recte
1490 2643 1669 2701 factis
1697 2643 2156 2720 commodisque
2199 2643 2341 2717 ami-

426 2758 634 2799 corum
686 2760 938 2801 necesse
978 2742 1092 2800 erit
1137 2741 1275 2817 angi
1319 2740 1527 2799 dolere
1564 2742 1852 2800 invidere.
1938 2740 2077 2813 Qua
2116 2759 2179 2799 re
2225 2741 2340 2800 hoc
2369 2742 2439 2799 60

427 2837 674 2914 quidem
736 2849 1147 2916 praeceptum,
1207 2838 1639 2913 cuiuscumque
1696 2849 1807 2908 est,
1869 2838 1946 2895 ad
2005 2839 2338 2896 tollendam

427 2933 751 2994 amicitiam
806 2936 1005 2994 valet:
1091 2935 1239 2993 illud
1287 2935 1489 3011 potius
1538 2934 2033 3011 praecipiendum
2087 2935 2214 3006 fuit,
2267 2944 2333 2992 ut

427 3048 564 3089 eam
592 3031 968 3110 diligentiam
1001 3032 1429 3091 adhiberemus
1466 3032 1526 3090 in
1571 3031 1848 3090 amicitiis
1891 3031 2334 3107 comparandiS‚

343 3146 347 3149 ⁴
425 3138 493 3188 ut
521 3148 599 3188 ne
630 3130 879 3206 quando
909 3148 1114 3189 amare
1142 3129 1544 3205 inciperemus
1587 3147 1743 3201 eum,
1789 3147 1967 3203 quem
2012 3129 2338 3205 aliquando

427 3225 633 3286 odisse
682 3246 1021 3304 possemus·
1108 3226 1272 3299 Quin
1319 3227 1500 3285 etiam
1550 3226 1601 3285 si
1636 3227 1835 3285 minus
1865 3226 2069 3285 felices
2107 3226 2167 3285 in
2211 3226 2339 3284 dili-

423 3325 630 3402 gendo
685 3325 1031 3397 fuissemus,
1105 3324 1424 3382 ferendum
1495 3324 1557 3382 id
1631 3324 1836 3399 Scipio
1894 3324 2092 3401 potius
2154 3342 2335 3401 quam

426 3420 871 3481 inimicitiarum
905 3432 1145 3498 tempus
1175 3421 1565 3499 cogitandum
1598 3422 1872 3498 putabat.

508 3519 719 3580 XVII.
807 3520 928 3578 His
957 3519 1137 3597 igitur
1179 3519 1403 3579 finibus
1445 3519 1740 3578 utendum
1783 3519 2057 3593 arbitror,
2087 3529 2170 3592 ut,
2199 3536 2335 3578 cum
2368 3520 2437 3580 61
