2788 3999
357 370 645 447 XVI-56]
997 372 1109 427 DE
1162 372 1671 428 SENECTUTE.
2179 377 2260 442 23

357 562 542 622 quam
570 541 713 615 dixi,
744 540 999 602 aliorum
1028 542 1381 619 amputatio,
1415 541 1669 602 aliorum
1698 541 2010 603 immissio.
2093 543 2261 619 Quid

355 659 474 719 ego
515 639 915 718 irrigationes,
948 638 1094 715 quid
1135 639 1442 698 fossiones
1471 639 1597 717 agri
1628 640 2261 718 repastinationesque

355 738 683 816 proferam,
720 736 943 814 quibus
984 735 1055 796 fit
1096 735 1286 795 multo
1331 746 1490 795 terra
1529 737 1890 797 fecundior?
1972 737 2140 812 Quid
2182 739 2260 797 de
2292 755 2362 817 54

353 834 617 894 utilitate
648 834 862 910 loquar
891 832 1307 893 stercorandi?
1393 833 1533 891 Dixi
1564 833 1623 891 in
1655 852 1730 893 eo
1766 834 1937 908 libro,
1969 852 2151 912 quem
2181 836 2260 895 de

354 932 538 991 rebus
595 931 834 991 rusticis
882 930 1117 1008 scripsi.
1204 931 1299 989 De
1356 949 1478 1008 qua
1532 931 1751 990 doctus
1811 932 2127 992 Hesiodus
2183 950 2259 991 ne

353 1030 607 1089 verbum
661 1029 907 1106 quidem
961 1027 1125 1101 fecit,
1174 1046 1311 1087 cum
1361 1027 1440 1086 de
1489 1027 1726 1087 cultura
1773 1029 1900 1107 agri
1949 1029 2260 1092 scriberet.

356 1129 440 1186 At
474 1127 803 1198 HomeruS,
835 1125 937 1202 qui
968 1125 1187 1198 multis,
1219 1136 1285 1185 ut
1328 1125 1474 1185 mihi
1513 1124 1770 1199 videtur,
1816 1137 1957 1186 ante
1999 1127 2261 1187 saeculis

351 1224 489 1299 fuit,
547 1225 808 1283 Laerten
867 1223 1191 1282 lenientem
1242 1223 1628 1296 desiderium,
1675 1225 1838 1301 quod
1897 1223 2177 1301 capiebat
2226 1242 2261 1284 e

351 1322 499 1396 filio,
528 1322 829 1381 colentem
861 1339 1067 1398 agrum
1111 1331 1174 1380 et
1215 1339 1354 1381 eum
1397 1330 1832 1381 stercorantem
1875 1321 2040 1382 facit.
2128 1323 2261 1382 Nec

351 1439 498 1480 vero
526 1419 837 1498 segetibus
866 1418 1060 1478 solum
1090 1428 1151 1478 et
1180 1419 1370 1497 pratis
1414 1429 1476 1478 et
1515 1419 1709 1478 vineis
1751 1429 1814 1478 et
1856 1419 2120 1478 arbustis
2163 1437 2259 1479 res

353 1517 614 1577 rusticae
639 1517 836 1576 laetae
866 1528 1024 1589 sunt,
1056 1515 1168 1576 sed
1212 1517 1405 1575 hortis
1449 1517 1633 1576 etiam
1677 1525 1740 1575 et
1779 1516 2085 1594 pomariiS,
2130 1527 2258 1576 tum

353 1616 656 1694 pecudum
713 1625 908 1692 pastu,
968 1614 1172 1691 apium
1241 1615 1638 1687 examinibus,
1699 1614 1912 1673 florum
1987 1614 2258 1674 omnium

353 1712 662 1772 varietate.
752 1713 886 1770 Nec
913 1711 1286 1771 consitiones
1318 1711 1504 1771 modo
1546 1711 1872 1783 delectant,
1919 1711 2030 1771 sed
2073 1711 2255 1770 etiam

353 1809 688 1883 insitiones,
722 1810 942 1886 quibus
972 1808 1119 1868 nihil
1149 1809 1378 1868 invenit
1409 1809 1536 1887 agri
1565 1809 1801 1869 cultura
1828 1809 2151 1869 sollertius,

432 1909 607 1968 XVI.
682 1910 935 1968 Possum
961 1909 1243 1987 persequi
1261 1910 1562 1986 permulta
1589 1910 2041 1969 oblectamenta
2063 1926 2258 1968 rerum
2292 1926 2322 1988 5
2329 1925 2357 1989 5

352 2006 730 2080 rusticarum,
762 2007 874 2067 sed
909 2025 983 2067 ea
1010 2007 1146 2086 ipsa
1173 2025 1330 2086 quae
1360 2008 1487 2067 dixi
1516 2007 1714 2068 sentio
1743 2008 1932 2068 fuisse
1963 2008 2258 2086 longiora.

356 2106 697 2186 Ignoscetis
754 2119 974 2181 autem,
1033 2128 1171 2168 nam
1230 2118 1292 2169 et
1361 2107 1567 2170 studio
1636 2127 1830 2167 rerum
1903 2107 2258 2168 rusticarum

351 2217 675 2283 provectus
704 2225 856 2280 sum,
888 2217 948 2267 et
978 2218 1257 2267 senectus
1292 2217 1389 2268 est
1430 2217 1647 2268 natura
1689 2207 2017 2286 loquacior,
2063 2224 2140 2265 ne
2183 2207 2261 2266 ab

352 2304 636 2363 omnibus
667 2323 803 2363 eam
833 2304 993 2364 vitiis
1024 2305 1234 2365 videar
1261 2305 1590 2365 vindicare.
1679 2307 1841 2386 Ergo
1875 2306 1937 2364 in
1980 2306 2096 2365 hac
2137 2305 2262 2364 vita

354 2402 462 2460 Μ’.
495 2400 733 2472 Curius,
766 2420 903 2461 curn
933 2402 1010 2461 de
1044 2403 1431 2476 SamnitibuS‚
1478 2404 1555 2463 de
1602 2402 1861 2477 Sabinis,
1907 2403 1985 2462 de
2030 2404 2260 2481 Pyrrho

352 2497 862 2576 triumphavisset‚
909 2500 1288 2577 consumpsit
1330 2510 1664 2559 extremum
1717 2509 1958 2578 tempus
2001 2500 2263 2573 aetatis3

352 2595 522 2654 cuius
554 2594 796 2671 quidem
829 2614 943 2673 ego
971 2596 1173 2656 villam
1218 2598 1659 2675 contemplans,
1708 2597 1884 2674 abest
1927 2597 2086 2656 enim
2133 2617 2258 2656 non

353 2691 534 2770 longe
557 2711 595 2750 a
624 2710 736 2762 me,
762 2692 1045 2752 admirari
1070 2693 1217 2753 satis
1243 2713 1363 2752 non
1389 2713 1642 2771 possum
1666 2694 1759 2753 vel
1784 2693 2046 2753 hominis
2070 2694 2259 2772 ipsius

351 2789 790 2849 continentiam
849 2791 945 2850 vel
1002 2800 1341 2869 temporum
1415 2791 1819 2868 disciplinam.
1924 2791 2111 2852 Curio
2182 2792 2260 2851 ad
2292 2791 2359 2871 56

350 2887 555 2946 focum
627 2887 866 2947 sedenti
923 2908 1207 2967 magnum
1276 2887 1403 2948 auri
1461 2890 1705 2967 pondus
1764 2889 2067 2949 Samnites
2123 2909 2260 2950 cum

352 2983 716 3056 attulissent,
775 2984 1078 3061 repudiati
1134 2994 1275 3044 sunt
1297 3006 1314 3058 3
1374 3004 1495 3043 non
1556 2985 1713 3043 enim
1773 3004 1980 3044 aurum
2033 2985 2259 3044 habere

351 3081 729 3157 praeclarum
762 3081 877 3141 sibi
908 3081 1099 3142 videri
1130 3082 1296 3155 dixit,
1331 3083 1442 3141 sed
1471 3082 1559 3142 eis
1590 3083 1693 3160 qui
1724 3083 2020 3143 haberent
2049 3102 2258 3142 aurum

352 3177 668 3254 imperare.
756 3179 1081 3238 Poteratne
1113 3190 1317 3239 tantus
1350 3180 1588 3239 animus
1618 3181 1854 3239 efficere
1885 3200 2008 3239 non
2052 3179 2257 3239 iucun-

352 3275 495 3334 dam
546 3278 966 3337 senectutem?
1053 3277 1174 3336 Sed
1225 3278 1405 3338 venio
1455 3277 1531 3336 ad
1585 3278 1899 3355 agricolaS,
1950 3297 2026 3336 ne
2078 3297 2115 3337 a
2163 3296 2260 3337 me

352 3371 489 3449 ipso
545 3373 843 3432 recedam.
933 3376 1003 3433 In
1063 3374 1222 3453 agris
1267 3384 1443 3434 erant
1491 3385 1617 3435 tum
1669 3385 2001 3445 senatores,
2053 3375 2115 3433 id
2164 3384 2261 3434 est

352 3488 551 3542 senes,
584 3469 632 3529 si
665 3470 906 3546 quidem
943 3473 1135 3530 aranti
1181 3474 1251 3531 L.
1282 3472 1573 3547 Quinctio
1620 3473 1984 3533 Cincinnato
2029 3472 2260 3531 nuntia·

352 3576 482 3625 turn
530 3578 621 3625 est
667 3587 803 3626 eum
850 3567 1207 3627 dictatorern
1258 3589 1394 3629 esse
1441 3570 1687 3641 facturn,
1734 3569 1905 3629 cuius
1947 3559 2261 3628 dictatoris
