2788 3999
584 299 665 370 ιδ
1249 312 1464 368 CATO
1516 312 1787 366 MA1oR
2208 309 2378 382 [ΧΠ.
2408 327 2480 382 42

571 481 660 546 ita
709 482 911 546 dicam
963 483 1355 564 praestringit
1409 483 1640 555 oculos
1690 499 1806 545 nec
1860 481 2048 540 habet
2101 481 2290 541 ullum
2340 500 2481 542 cum

570 581 791 643 virtute
818 582 1267 643 commercium.
1351 580 1586 639 Invitus
1626 579 1746 639 feci
1790 588 1855 638 ut
1893 578 2208 639 fortissimi
2249 579 2361 641 viri
2404 581 2476 640 T.

574 679 898 739 Flaminini
925 681 1173 739 fratrem
1207 680 1277 738 L.
1306 678 1713 737 Flamininum
1743 696 1779 738 e
1807 687 2025 737 senatu
2049 677 2313 738 eicerem
2340 696 2478 758 sep-

572 786 695 836 tem
744 777 921 837 annis
974 785 1116 857 post
1170 794 1354 855 quam
1411 776 1625 836 consul
1681 775 1919 849 fuisset,
1973 775 2086 834 sed
2143 777 2481 836 notandam

568 875 778 954 putavi
807 874 1140 936 libidinem.
1226 873 1341 933 Ille
1368 873 1532 932 enim
1559 890 1698 934 cum
1725 882 1890 931 esset
1918 872 2133 932 consul
2173 872 2235 931 in
2278 873 2484 933 Gallia

570 983 855 1033 exoratus
925 970 988 1031 in
1050 970 1335 1032 convivio
1389 988 1432 1032 a
1485 980 1690 1029 scorto
1747 981 1842 1030 est
1899 982 1966 1029 ut
2021 970 2218 1031 securi
2272 970 2483 1031 feriret

571 1068 837 1147 aliquem
905 1088 1118 1131 eorum
1174 1069 1277 1148 qui
1332 1068 1394 1128 in
1450 1068 1708 1127 vinculis
1768 1079 1996 1143 essent,
2047 1069 2326 1128 damnati
2395 1068 2482 1128 rei

567 1166 865 1245 capitalis.
949 1167 1074 1227 Hic
1126 1167 1273 1227 Tito
1325 1168 1513 1226 fratre
1555 1185 1669 1225 suo
1710 1184 1984 1241 censore,
2028 1166 2130 1243 qui
2171 1166 2482 1246 proximus

569 1273 711 1324 ante
742 1282 837 1323 me
864 1265 1080 1337 fuerat,
1110 1264 1359 1342 elapsus
1388 1272 1500 1337 est,
1539 1264 1686 1323 mihi
1727 1282 1873 1325 vero
1915 1274 1977 1323 et
2021 1264 2244 1323 Flacco
2288 1264 2478 1323 neuti-

569 1378 752 1440 quam
782 1362 1026 1439 probari
1053 1362 1255 1441 potuit
1284 1373 1408 1421 tam
1438 1361 1744 1439 flagitiosa
1771 1371 1834 1421 et
1862 1371 1984 1421 tam
2008 1361 2247 1441 perdita
2269 1360 2477 1434 libido.

571 1475 729 1536 quae
757 1477 894 1518 cum
924 1460 1151 1537 probro
1178 1459 1417 1538 privato
1446 1459 1841 1537 coniungeret
1869 1458 2081 1537 imperi
2110 1458 2402 1518 dedecus,

467 1544 840 1649 43V‘XIII.
926 1558 1121 1635 Saepe
1152 1557 1355 1616 audivi
1384 1575 1419 1616 e
1462 1557 1792 1616 maioribus
1836 1566 1999 1630 natu,
2043 1556 2146 1635 qui
2189 1575 2256 1616 se
2295 1573 2481 1635 porro

570 1672 793 1732 pueros
844 1673 880 1712 a
928 1655 1179 1714 senibus
1229 1654 1474 1714 audisse
1525 1654 1829 1728 dicebant,
1875 1653 2077 1714 mirari
2118 1653 2365 1713 solitum
2410 1652 2484 1714 C.

574 1751 913 1811 Fabricium
973 1751 1157 1829 quod,
1213 1769 1352 1812 cum
1412 1751 1573 1830 apud
1630 1770 1836 1830 regem
1893 1752 2188 1831 Pyrrhum
2242 1749 2483 1828 legatus

571 1860 752 1922 esset,
782 1849 1053 1909 audisset
1082 1868 1119 1908 a
1146 1849 1450 1909 Thessalo
1481 1849 1676 1909 Cinea
1705 1868 1843 1909 esse
1870 1849 2176 1927 quendam
2220 1848 2484 1908 Athenis

570 1945 679 2026 qui
731 1963 798 2006 se
855 1945 1194 2025 sapientem
1251 1947 1655 2027 profiteretur,
1703 1964 1966 2026 eumque
2022 1946 2225 2008 dicere
2273 1947 2484 2007 omnia

573 2063 730 2124 quae
768 2045 1105 2105 faceremus
1148 2045 1226 2105 ad
1271 2045 1647 2123 voluptatem
1691 2063 1827 2105 esse
1870 2045 2209 2105 referenda.
2293 2044 2485 2121 Quod

570 2161 650 2205 ex
691 2162 769 2204 eo
810 2143 1113 2202 audientis
1146 2144 1254 2201 M'.
1286 2143 1537 2202 Curium
1569 2153 1630 2202 et
1659 2142 1754 2200 Ti.
1787 2142 2235 2201 Coruncanium
2267 2151 2484 2218 optare

571 2241 787 2302 solitos
816 2250 882 2301 ut
915 2241 978 2300 id
1024 2223 1399 2300 Samnitibus
1443 2239 1678 2318 ipsique
1724 2240 1952 2318 Pyrrho
1995 2239 2482 2317 persuaderetur,

571 2356 698 2416 quo
723 2338 961 2398 facilius
989 2338 1148 2397 vinci
1178 2347 1434 2415 possent
1463 2355 1597 2397 curn
1622 2356 1689 2396 se
1710 2335 2124 2413 voluptatibus
2146 2336 2484 2397 dedissent.

573 2434 826 2496 vixerat
857 2436 965 2494 M'.
997 2434 1216 2496 Curius
1246 2454 1383 2495 cum
1419 2435 1486 2497 P.
1520 2434 1731 2507 Deci0,
1755 2434 1858 2513 qui
1889 2433 2307 2513 quinquennio
2338 2444 2484 2494 ante

574 2550 712 2592 eum
767 2533 1080 2593 consulem
1139 2551 1207 2593 se
1262 2552 1376 2612 pro
1431 2551 1496 2593 re
1557 2532 1803 2612 publica
1870 2541 2091 2609 quarto
2157 2529 2487 2592 consulatu

575 2629 944 2690 devoverat:
1012 2641 1190 2690 norat
1256 2630 1523 2691 eundem
1597 2628 1928 2699 Fabricius,
2005 2638 2182 2690 norat
2251 2628 2487 2687 Corun-

574 2726 805 2799 canius,
854 2728 953 2805 qui
1000 2727 1137 2787 culn
1186 2747 1262 2789 ex
1309 2747 1423 2788 sua
1470 2727 1597 2787 vita
1641 2734 1768 2784 tum
1814 2743 1891 2784 ex
1933 2725 2064 2785 eius
2112 2743 2294 2804 quem
2341 2724 2486 2783 dico

578 2825 731 2885 Deci
761 2826 925 2885 facto
954 2825 1306 2885 iudicabant
1335 2843 1473 2884 esse
1505 2824 1782 2903 profecto
1825 2823 2053 2900 aliquid
2098 2832 2317 2881 natura
2356 2821 2487 2901 pul-

576 2921 784 2981 chrum
817 2932 999 2999 atque
1033 2921 1427 2999 praeclarum,
1473 2922 1639 2999 quod
1682 2940 1795 2980 sua
1838 2930 2056 2998 sponte
2097 2928 2487 2997 expeteretur

577 3019 1100 3116 quodquexspreta
1129 3030 1191 3079 et
1219 3028 1571 3095 contempta
1594 3019 1905 3095 voluptate
1924 3016 2202 3094 <optimus
2223 3014 2486 3093 quisque

472 3133 550 3189 44
578 3127 948 3191 sequeretur.
1034 3115 1340 3190 Quorsum
1381 3114 1560 3192 igitur
1602 3126 1726 3175 tam
1771 3116 1962 3174 multa
2005 3113 2083 3173 de
2127 3114 2485 3191 voluptate?

578 3211 745 3288 Quia
793 3232 915 3272 non
968 3213 1151 3272 modo
1198 3211 1564 3289 vituperatio
1614 3213 1800 3287 nulla,
1852 3213 1961 3273 sed
2013 3208 2197 3272 etiam
2245 3229 2487 3270 summa

580 3309 715 3370 laus
758 3308 1089 3369 senectutis
1133 3318 1244 3381 est,
1291 3307 1457 3388 quod
1504 3327 1579 3368 ea
1622 3309 1969 3387 voluptates
2017 3308 2216 3368 nullas
2260 3325 2486 3385 magno

578 3425 765 3487 opere
793 3406 1117 3466 desiderat.
1161 3387 1390 3476 »fiCaret
1421 3404 1615 3482 epulis
1659 3405 2106 3484 exstructisque
2148 3403 2381 3463 mensis
2420 3413 2488 3464 et

574 3503 999 3584 frequentibus
1041 3501 1297 3582 poculis.
1379 3501 1569 3565 Caret
1616 3520 1763 3580 ergo
1811 3502 1995 3562 etiam
2039 3500 2377 3562 vinulentia
2420 3508 2486 3560 et
