2788 3999
399 333 513 389 x1.
541 332 641 405 37]
1029 331 1142 387 DE
1191 332 1702 390 SENECTUTE.
2228 337 2299 400 15

399 506 653 565 omnino
708 504 870 565 vitae
917 522 1137 564 munus
1187 504 1435 582 exsequi
1483 503 1738 583 possint.
1825 506 1910 565 At
1955 503 2018 564 id
2060 503 2307 581 quidem

399 623 526 664 non
569 602 877 681 proprium
918 603 1250 663 senectutis
1278 604 1488 663 vitium
1516 612 1626 675 est,
1657 602 1767 662 sed
1796 619 2117 662 commune
2145 600 2308 660 vale·

398 701 649 763 tudinis.
733 699 934 774 Quam
962 701 1079 760 fuit
1106 700 1445 761 imbecillus
1487 701 1555 759 Ρ.
1598 698 1872 759 Africani
1912 698 2091 771 filius,
2123 696 2176 757 is
2204 695 2309 776 qui

398 808 463 858 te
506 797 838 876 adoptavit,
881 816 1065 874 quam
1108 797 1275 857 tenui
1317 807 1423 857 aut
1465 796 1634 856 nulla
1674 796 1879 875 potius
1919 793 2307 855 valetudine!

402 894 590 970 Quod
646 893 708 953 ni
763 894 848 954 ita
902 893 1136 969 fuisset,
1195 895 1450 954 alterum
1506 892 1658 953 illud
1714 891 2047 955 exstitisset
2103 892 2309 953 lumen

400 992 664 1054 civitatis
686 1015 704 1067 3
744 993 821 1051 ad
851 1003 1169 1069 paternam
1212 991 1375 1051 enim
1420 990 1901 1069 magnitudinem
1944 989 2128 1051 animi
2171 990 2310 1051 doc-

400 1088 561 1149 trina
587 1089 832 1149 uberior
861 1098 1222 1149 accesserat.
1296 1086 1463 1161 Quid
1493 1086 1708 1146 mirum
1740 1087 1921 1166 igitur
1948 1087 2009 1147 in
2039 1086 2307 1160 senibus,

402 1187 455 1246 si
483 1185 704 1246 infirmi
734 1196 878 1246 sunt
924 1186 1278 1264 aliquando,
1308 1204 1447 1245 cum
1490 1184 1550 1243 id
1596 1202 1674 1244 ne
1717 1184 2144 1245 adulescentes
2185 1183 2312 1262 qui·

400 1284 543 1343 dem
588 1283 856 1362 effugere
898 1283 1179 1361 possint?
1264 1283 1720 1358 Resistendum,
1766 1283 1936 1343 Laeli
1979 1294 2041 1342 et
2085 1280 2308 1360 Scipi0,

401 1381 703 1442 senectuti
732 1391 842 1453 est,
875 1380 1124 1457 eiusque
1148 1380 1295 1440 vitia
1316 1380 1632 1459 diligentia
1660 1380 2118 1459 compensanda
2145 1388 2305 1452 sunt,

401 1478 795 1556 pugnandum
829 1489 1136 1553 tamquam
1168 1488 1382 1538 contra
1413 1477 1690 1538 morbum
1721 1476 1809 1538 sic
1851 1487 2063 1538 contra
2105 1493 2312 1536 senec·

403 1583 612 1642 tutem,
644 1572 929 1631 habenda
956 1572 1111 1631 ratio
1142 1571 1525 1647 valetudinis,
1553 1568 1847 1633 utendum
1873 1570 2313 1632 exercitationi·
2340 1574 2414 1647 36

402 1670 518 1730 bus
566 1669 840 1740 modiciS‚
887 1678 1123 1729 tantum
1170 1670 1291 1730 cibi
1337 1680 1399 1730 et
1444 1670 1711 1748 potionis
1761 1669 2194 1744 adhibendum,
2245 1678 2314 1727 ut

403 1767 750 1826 reficiantur
791 1767 967 1839 vires,
1014 1786 1135 1826 non
1181 1768 1616 1845 opprimantur.
1704 1769 1838 1827 Nec
1878 1785 2026 1828 vero
2075 1764 2313 1843 corpori

403 1865 601 1925 solum
631 1865 1112 1925 subveniendum
1144 1876 1257 1938 est,
1290 1866 1400 1925 sed
1430 1864 1619 1928 menti
1650 1875 1833 1942 atque
1877 1863 2079 1924 animo
2121 1862 2312 1922 multo

404 1963 614 2044 magis.
699 1964 857 2023 Nam
904 1964 1054 2024 haec
1084 1982 1348 2042 quoque,
1382 1962 1497 2023 nisi
1526 1972 1837 2040 tamquam
1869 1960 2079 2022 lumini
2108 1961 2313 2022 oleum

405 2063 685 2138 instilleS,
722 2064 1190 2142 exstinguuntur
1222 2070 1555 2122 senectute.
1644 2061 1722 2120 Et
1765 2078 2024 2137 corpora
2065 2057 2311 2136 quidem

403 2161 904 2221 exercitationum
934 2160 1369 2239 defetigatione
1402 2159 1847 2237 ingravescunt,
1880 2155 2065 2216 animi
2108 2166 2311 2215 autem

404 2258 797 2320 exercitando
839 2258 1131 2319 levantur.
1218 2260 1379 2317 Nam
1423 2276 1576 2335 quos
1620 2254 1705 2314 ait
1749 2254 2054 2315 Caecilius
2095 2256 2110 2285 ‘
2132 2253 2314 2313 comi·

402 2376 511 2417 cos
541 2356 761 2416 stultos
791 2356 1009 2430 seneS,'
1038 2355 1151 2415 hos
1182 2355 1483 2434 significat
1513 2352 1792 2413 credulos
1822 2351 2154 2412 obliviosos
2191 2349 2314 2410 dis-

403 2455 655 2527 solutOS,
729 2471 886 2530 quae
939 2452 1087 2513 vitia
1143 2466 1285 2515 sunt
1351 2472 1473 2513 non
1531 2451 1877 2522 senectutiS,
1936 2450 2045 2509 sed
2101 2446 2313 2508 inertis

404 2553 659 2630 ignavae
715 2549 1157 2610 somniculosae
1215 2550 1564 2612 senectutis.
1676 2548 1764 2607 Ut
1832 2545 2188 2625 petulantia,
2246 2554 2314 2604 ut

405 2645 596 2706 libido
626 2644 819 2723 magis
850 2652 943 2703 est
972 2644 1451 2704 adulescentium
1484 2661 1666 2720 quam
1698 2659 1928 2713 senum,
1962 2657 2078 2699 nec
2105 2648 2311 2698 tamen

403 2741 674 2802 omnium
732 2741 1227 2815 adulescentium,
1287 2742 1394 2800 sed
1454 2760 1576 2800 non
1636 2739 1980 2816 proborum,
2040 2735 2128 2797 sic
2196 2734 2313 2795 ista

404 2840 614 2900 senilis
664 2838 937 2911 stultitia,
990 2856 1146 2914 quae
1196 2837 1475 2897 deliratio
1527 2836 1822 2914 appellari
1872 2835 2045 2907 solet,
2098 2851 2309 2894 senum
2341 2851 2404 2906 37

405 2934 627 2994 levium
684 2942 798 3003 est,
854 2951 978 2990 non
1035 2931 1323 2990 omnium.
1419 2930 1734 3005 Quattuor*
1795 2927 2079 2988 robustos
2134 2925 2309 2999 filios,

405 3030 676 3112 quinque
705 3029 880 3102 filias,
913 3039 1144 3088 tantam
1174 3029 1439 3101 domum,
1473 3039 1675 3087 tantas
1719 3009 2034 3086 clientelas
2078 3022 2313 3101 Appius

405 3129 660 3207 regebat
705 3136 766 3187 et
812 3145 1033 3186 caecus
1082 3136 1144 3185 et
1191 3145 1379 3185 senex
1402 3147 1418 3198 ;
1475 3125 1772 3184 intentum
1825 3123 1986 3183 enim
2045 3121 2310 3181 animum

405 3238 718 3303 tamquam
750 3243 954 3284 arcum
986 3223 1254 3283 habebat
1284 3240 1398 3282 nec
1428 3222 1829 3299 languescens
1875 3217 2313 3280 succumbebat

406 3323 727 3384 senectuti.
811 3320 1092 3381 Tenebat
1121 3340 1243 3379 non
1274 3318 1460 3378 modo
1504 3318 1943 3388 auctoritatem,
1976 3316 2086 3376 sed
2130 3315 2310 3375 etiam

407 3419 724 3498 imperium
767 3418 828 3477 in
873 3437 1054 3478 suos:
1097 3416 1454 3476 metuebant
1494 3415 1665 3489 servi,
1712 3414 2079 3474 verebantur
2120 3412 2311 3486 liberi,

405 3536 616 3580 carum
657 3534 874 3577 omnes
914 3514 1265 3589 habebant3
1303 3514 1549 3592 vigebat
1591 3512 1654 3571 in
1684 3511 1789 3571 illo
1818 3510 2057 3571 animus
2084 3509 2316 3586 patrius
