2788 3999
537 245 829 500 wls
1200 337 1415 392 cATo
1467 338 1742 393 MAIOR
2196 340 2334 412 [1x.
2362 353 2429 408 27

423 525 493 586 27
610 510 723 568 IX.
784 510 881 568 Ne
924 527 1086 569 nunc
1128 508 1375 585 quidem
1404 508 1547 568 viris
1589 509 1872 569 desidero
1915 509 2346 585 adulescentis,
2379 512 2430 571 is

528 592 688 663 enim
720 614 851 664 erat
879 604 1051 664 locus
1082 604 1233 663 alter
1262 605 1339 663 de
1362 604 1524 663 vitiis
1552 605 1901 679 senectutiS,
1928 624 2051 664 non
2081 605 2220 683 plus
2244 626 2428 684 quam

525 701 887 761 adulescens
916 702 1073 761 tauri
1102 712 1207 760 aut
1236 700 1548 777 elephanti
1576 698 2024 762 desiderabam.
2096 702 2284 777 Quod
2316 715 2425 777 est,

523 816 598 857 eo
628 799 807 859 decet
848 799 936 858 uti
965 808 1025 858 et
1053 798 1350 876 quidquid
1382 818 1530 877 agas
1561 817 1739 877 agere
1778 818 1888 876 pro
1917 799 2164 860 viribuS.
2251 801 2428 874 Quae

523 897 685 955 enim
714 917 833 956 vox
871 906 1075 973 potest
1109 914 1244 955 esse
1275 896 1681 974 contemptior
1711 915 1893 973 quam
1926 896 2179 957 Milonis
2211 898 2428 957 Croto-

524 994 764 1055 niatae?
848 995 968 1070 Qui
999 1013 1136 1054 cum
1168 994 1286 1053 iam
1328 1013 1516 1053 senex
1550 1004 1713 1054 esset
1757 995 2140 1073 athletasque
2171 1014 2237 1055 se
2268 1014 2431 1055 exer-

522 1092 717 1152 centis
741 1093 802 1151 in
826 1092 1124 1152 curriculo
1148 1093 1401 1166 videret,
1425 1092 1734 1169 aspexisse
1759 1093 2020 1153 lacertos
2045 1112 2187 1153 suos
2212 1094 2431 1153 dicitur

520 1190 1009 1267 illacrimansque
1040 1190 1284 1264 dixisse,
1319 1193 1334 1221 ‘
1354 1199 1417 1249 at
1461 1189 1523 1248 hi
1553 1190 1798 1266 quidem
1829 1191 2050 1250 mortui
2082 1190 2201 1250 iam
2232 1201 2375 1251 sunt
2396 1193 2429 1247 '.

523 1288 583 1345 N
587 1306 666 1345 on
697 1306 842 1346 vero
885 1298 1010 1347 tam
1054 1287 1170 1360 isti,
1204 1306 1386 1363 quam
1433 1297 1498 1346 tu
1543 1287 1693 1363 ipse,
1728 1298 2002 1366 nugator,
2036 1306 2236 1365 neque
2266 1288 2428 1347 enim

521 1402 597 1443 ex
626 1395 685 1443 te
716 1404 1001 1462 umquam
1033 1402 1098 1443 es
1123 1383 1497 1456 nobilitatuS‚
1526 1384 1635 1442 sed
1666 1403 1742 1444 ex
1774 1385 2065 1445 lateribus
2095 1396 2157 1445 et
2188 1386 2431 1445 lacertis

522 1481 660 1541 tuiS.
747 1481 913 1539 Nihil
949 1482 1086 1540 Sex.
1120 1480 1332 1539 Aelius
1362 1480 1500 1552 tale,
1536 1481 1683 1540 nihil
1716 1482 1924 1542 multis
1952 1483 2128 1542 annis
2158 1492 2301 1542 ante
2331 1484 2427 1542 Ti.

524 1579 963 1651 Coruncanius,
998 1578 1144 1636 nihil
1190 1578 1374 1636 modo
1409 1578 1474 1635 P.
1506 1579 1785 1653 CrassuS,
1818 1599 1854 1638 a
1884 1580 2104 1657 quibus
2134 1581 2264 1638 iura
2292 1581 2432 1640 civi-

520 1676 635 1735 bus
665 1676 1248 1752 praescribebantur,
1277 1694 1533 1753 quorum
1565 1695 1755 1753 usque
1786 1678 1864 1736 ad
1895 1686 2230 1737 extremum
2262 1677 2430 1754 spiri-

416 1776 488 1833 28
520 1785 645 1833 tum
670 1784 763 1832 est
786 1783 1076 1851 provecta
1095 1772 1437 1849 prudentia.
1497 1774 1720 1833 Orator
1743 1785 1947 1834 metuo
1972 1793 2047 1833 ne
2071 1775 2428 1852 languescat

520 1880 867 1930 senectute:
913 1879 1007 1928 est
1037 1869 1198 1928 enim
1231 1889 1451 1929 munus
1480 1872 1609 1930 eius
1652 1891 1773 1931 non
1818 1871 2023 1950 ingeni
2065 1873 2283 1945 solum,
2316 1873 2426 1931 sed

518 1969 772 2028 laterum
807 1967 989 2026 etiam
1019 1975 1080 2026 et
1104 1967 1334 2027 virium.
1392 1968 1661 2029 Omnino
1685 1988 1976 2028 canorum
2006 1969 2157 2028 illud
2189 1969 2250 2030 in
2274 1987 2424 2030 voce

517 2064 890 2143 splendescit
933 2064 1116 2123 etiam
1162 2066 1368 2125 nescio
1412 2085 1533 2142 quo
1576 2077 1757 2143 pacto
1801 2066 1862 2124 in
1894 2076 2226 2140 senectute,
2259 2068 2424 2144 quod

518 2165 800 2242 equidem
839 2164 1038 2223 adhuc
1070 2183 1190 2223 non
1225 2164 1415 2236 amisi,
1447 2174 1507 2223 et
1537 2163 1755 2223 videtis
1787 2182 2003 2223 annos.
2062 2163 2184 2223 Sed
2214 2172 2421 2222 tamen

517 2272 612 2322 est
640 2263 899 2321 decorus
924 2260 1056 2319 seni
1086 2279 1286 2320 sermo
1310 2260 1553 2338 quietus
1575 2270 1636 2319 et
1668 2260 1972 2333 remissuS‚
1998 2258 2267 2338 facitque
2297 2279 2425 2337 per-

517 2382 702 2441 saepe
748 2363 883 2440 ipsa
929 2361 1044 2421 sibi
1095 2358 1463 2419 audientiam
1511 2357 1722 2416 diserti
1768 2356 1934 2416 senis
1980 2357 2323 2434 composita
2365 2368 2425 2416 et

517 2462 679 2520 mitis
702 2461 912 2533 oratic,
941 2477 1123 2537 quam
1148 2457 1199 2516 si
1231 2456 1361 2533 ipse
1385 2455 1633 2532 exsequ'
1713 2473 1957 2530 equeaS,
1987 2454 2187 2532 possis
2218 2464 2423 2514 tamen

518 2557 787 2634 Scipioni
816 2557 1165 2636 praecipere
1196 2563 1259 2614 et
1289 2466 1756 2627 LaeliolAEd
1787 2551 1950 2610 enim
1980 2562 2074 2611 est
2101 2550 2425 2612 iucundius

411 2673 483 2732 ²9
515 2665 828 2714 senectute
860 2654 1085 2730 stipata
1109 2644 1328 2712 studiis
1360 2649 1724 2709 iuventutis?
1782 2651 1878 2707 An
1906 2666 1982 2706 ne
2014 2648 2149 2707 illas
2174 2649 2421 2725 quidem

514 2751 655 2810 viris
685 2751 985 2810 senectuti
1017 2749 1431 2826 relinquimus,
1459 2756 1525 2806 ut
1555 2745 1965 2804 adulescentis
1995 2745 2232 2820 doceat,
2258 2745 2424 2806 insti-

513 2859 658 2922 tuat,
687 2848 763 2906 ad
788 2867 969 2906 omne
993 2847 1151 2906 offici
1176 2866 1396 2905 munus
1426 2845 1728 2903 instruat?
1788 2842 1929 2917 Quo
1959 2842 2204 2919 quidem
2235 2862 2421 2920 opere

514 2946 660 3023 quid
703 2954 906 3024 potest
948 2963 1083 3004 esse
1127 2943 1541 3021 praeclarius?
1630 2940 1784 2999 Mihi
1825 2958 1970 2998 vero
2010 2948 2072 2999 et
2103 2940 2217 3000 Cn.
2247 2949 2310 2998 et
2353 2942 2421 3000 P.

516 3042 832 3120 Scipiones
875 3053 937 3102 et
980 3042 1071 3101 avi
1121 3041 1207 3100 tui
1251 3041 1374 3099 duo
1419 3041 1490 3098 L.
1534 3037 1831 3098 Aemilius
1873 3047 1935 3096 et
1979 3038 2045 3096 P.
2092 3036 2420 3097 Africanus

512 3140 801 3199 comitatu
854 3138 1145 3199 nobilium
1199 3137 1480 3196 iuvenum
1530 3134 1822 3195 fortunati
1871 3133 2252 3208 videbantur,
2302 3151 2418 3194 nec

513 3237 617 3296 ulli
641 3238 936 3297 bonarum
961 3236 1176 3295 artium
1205 3233 1476 3313 magistri
1506 3251 1628 3290 non
1652 3231 1819 3291 beati
1843 3230 2115 3309 putandi,
2142 3230 2418 3307 quamvis

511 3333 940 3395 consenuerint
969 3332 1126 3391 vires
1157 3342 1339 3407 atque
1370 3328 1722 3388 defecerint.
1809 3328 1942 3388 Etsi
1987 3328 2121 3405 ipsa
2164 3327 2282 3387 ista
2317 3328 2419 3388 de-

509 3432 695 3492 sectio
724 3431 936 3491 virium
983 3428 1437 3489 adulescentiae
1468 3426 1627 3485 vitiis
1671 3426 1927 3485 efficitur
1955 3426 2201 3503 saepius
2232 3444 2413 3502 quam

509 3539 823 3590 senectute
845 3550 864 3604 3
904 3527 1232 3586 libidinosa
1262 3524 1423 3584 enim
1455 3535 1517 3582 et
1551 3523 1962 3600 intemperans
1994 3521 2417 3585 adulescentia
