2788 3999
525 310 602 373 14
1280 302 1628 358 LAEmus
2182 300 2315 372 [lx.
2346 316 2412 369 μ

513 485 775 548 movent,
805 484 872 532 ut
913 482 975 532 et
1002 492 1117 531 usu
1144 472 1295 546 eius,
1325 490 1505 547 quem
1548 470 1798 548 diligere
1839 481 2191 547 coeperunt,
2220 471 2414 528 fruan-

418 647 425 652 ,
511 583 609 631 tur
663 584 725 630 et
779 570 1064 641 moribus,
1112 569 1354 645 sintque
1410 587 1589 645 pares
1637 568 1699 626 in
1756 586 1963 627 amore
2019 579 2082 625 et
2129 567 2417 643 aequales

511 667 1059 746 propensioresque
1110 665 1189 723 ad
1246 666 1403 723 bene
1462 664 1815 723 merendum
1850 683 2056 741 -quatn
2112 664 2193 722 ad
2249 680 2420 739 repo-

512 763 825 835 scendum,
873 774 1057 840 atque
1112 764 1265 820 haec
1321 761 1479 820 inter
1533 779 1641 820 eos
1697 762 1777 819 sit
1831 762 2093 820 honesta
2142 760 2418 818 certatio,

514 861 617 921 Sic
657 871 720 920 et
760 859 1050 919 utilitates
1091 878 1168 917 ex
1209 859 1475 918 amicitia
1517 859 1815 917 maximae
1850 858 2184 935 capientur,
2215 868 2277 914 et
2305 857 2419 915 erit

511 958 643 1017 eius
669 968 838 1016 ortus
888 976 925 1015 a
973 967 1189 1015 natura
1237 974 1421 1033 quam
1471 956 1549 1014 ab
1605 955 2020 1014 imbecillitate
2067 953 2308 1031 gravior
2357 964 2419 1013 et

510 1054 725 1115 verior.
812 1055 972 1112 Nam
1016 1053 1065 1113 si
1109 1053 1339 1112 utilitas
1369 1053 1665 1112 amicitias
1707 1051 2169 1129 conglutinaret,
2201 1051 2417 1109 eadem

511 1160 883 1212 commutata
931 1150 1334 1225 dissolveret3
1404 1150 1514 1209 sed
1565 1149 1709 1227 quia
1753 1162 1972 1208 natura
2026 1148 2244 1207 mutari
2294 1166 2418 1207 non

510 1258 730 1330 potest,
771 1248 996 1308 idcirco
1040 1266 1220 1307 verae
1266 1247 1567 1307 amicitiae
1612 1247 2019 1325 sempiternae
2062 1256 2221 1306 sunt.
2306 1245 2421 1304 Or·

512 1358 641 1406 tum
684 1347 929 1425 quidem
973 1345 1273 1404 amicitiae
1315 1345 1553 1419 videtis,
1599 1344 1715 1404 nisi
1757 1343 1904 1421 quid
1946 1344 2025 1402 ad
2069 1344 2220 1402 haec
2260 1343 2420 1403 forte

512 1443 712 1504 voltiS.

595 1542 906 1601 Fuimus.
989 1542 1084 1598 Tu
1109 1559 1252 1600 vero
1281 1558 1484 1617 perge,
1518 1539 1726 1600 Laeli!
1813 1540 1932 1598 Pro
1962 1540 2080 1598 hoc
2102 1538 2284 1612 enim,
2314 1538 2421 1616 qui

514 1636 709 1697 minor
737 1648 831 1695 est
861 1648 1024 1707 natu,
1056 1655 1194 1695 meo
1224 1636 1351 1694 iure
1382 1637 1744 1712 respondeo·

406 1753 484 1815 33
595 1735 944 1793 SCAEvoLA.
1003 1736 1195 1792 Recte
1216 1746 1279 1791 tu
1302 1734 1582 1810 quidem:
1620 1752 1802 1809 quam
1825 1734 1907 1791 ob
1929 1750 2056 1791 rem
2080 1731 2421 1793 audiamus,

594 1833 671 1891 X.
704 1832 997 1891 Lamnus.
1043 1831 1267 1888 Audite
1299 1849 1460 1903 vero,
1493 1829 1705 1905 optimi
1734 1829 1862 1902 viri,
1892 1848 1968 1889 ea
2002 1847 2158 1907 quae
2194 1830 2421 1906 saepis-

515 1930 664 1988 sime
710 1929 868 1987 inter
920 1947 1016 1986 me
1056 1940 1117 1987 et
1150 1928 1495 2006 Scipionem
1535 1927 1612 1985 de
1652 1927 1918 1986 amicitia
1944 1927 2420 1986 disserebantur.

515 2027 898 2105 Quamquam
959 2028 1058 2085 ille
1116 2027 1359 2103 quidem
1421 2026 1567 2084 nihil
1626 2026 1928 2084 difficilius
1983 2045 2119 2085 esse
2174 2026 2421 2086 dicebat

514 2145 693 2205 quam
725 2126 1046 2184 amicitiam
1078 2145 1271 2202 usque
1302 2127 1381 2184 ad
1411 2136 1742 2183 extremum
1775 2123 1935 2182 vitae
1980 2123 2138 2181 diem
2187 2142 2423 2200 perma-

514 2241 694 2284 nere:
739 2244 877 2283 nam
921 2225 1015 2283 vel
1060 2236 1126 2282 ut
1172 2243 1293 2283 non
1339 2223 1501 2282 idem
1544 2221 1857 2298 expediret
1903 2220 2169 2279 incidere
2213 2238 2416 2296 saepe,

512 2316 608 2384 vel
651 2335 717 2383 ut
755 2325 832 2383 de
872 2344 934 2383 re
963 2326 1208 2402 publica
1238 2344 1359 2383 non
1391 2325 1549 2383 idem
1582 2324 1906 2383 sentiretur
1929 2345 1947 2397 3
1988 2322 2204 2381 mutari
2234 2322 2417 2380 etiam

514 2442 714 2482 mores
742 2423 1050 2482 hominum
1079 2443 1262 2501 saepe
1286 2423 1547 2494 dicebat,
1573 2422 1724 2481 alias
1748 2420 2019 2481 adversis
2042 2420 2240 2494 rebus,
2266 2419 2418 2478 alias

515 2530 714 2580 aetate
758 2520 1232 2597 ingravescente.
1318 2523 1524 2597 Atque
1574 2539 1777 2580 earum
1830 2538 2025 2578 rerum
2075 2518 2416 2594 exemplum

513 2638 589 2678 ex
633 2618 1026 2677 similitudine
1074 2619 1355 2695 capiebat
1405 2618 1668 2677 ineuntis
1718 2618 1953 2687 aetatis,
1987 2617 2153 2693 quod
2201 2615 2418 2674 summi

513 2734 833 2793 puerorum
881 2733 1117 2773 amores
1162 2734 1344 2791 saepe
1387 2734 1511 2773 una
1539 2734 1675 2774 cum
1720 2723 2034 2791 praetexta
2064 2724 2209 2791 toga
2237 2714 2421 2788 depo-

411 2831 486 2892 34
514 2822 837 2886 nerentur;
900 2813 993 2870 sin
1057 2824 1256 2871 autem
1315 2813 1392 2870 ad
1452 2812 1925 2879 adulescentiam
1973 2811 2416 2888 perduxissent,

513 2911 709 2970 dirimi
766 2921 969 2969 tamen
1027 2911 1327 2970 interdum
1386 2910 1777 2991 contentione
1827 2910 1922 2967 vel
1979 2908 2226 2967 uxoriae
2281 2927 2420 2967 con-

514 3008 770 3067 dicionis
800 3008 894 3066 vel
925 3008 1226 3067 commodi
1258 3008 1529 3078 alicuiuS,
1562 3007 1727 3082 quod
1769 3007 1926 3064 idem
1960 3004 2216 3081 adipisci
2259 3014 2418 3063 uter-

515 3123 634 3182 que
692 3124 813 3164 non
871 3117 1097 3182 posset.
1201 3105 1386 3178 Quod
1445 3105 1493 3163 si
1566 3104 1666 3181 qui
1739 3103 1978 3179 longius
2036 3102 2093 3159 in
2155 3100 2420 3160 amicitia

514 3203 782 3280 provecti
820 3214 1043 3274 essent,
1077 3215 1279 3261 tamen
1325 3221 1510 3278 saepe
1555 3199 1925 3270 labefactari,
1971 3199 2021 3258 si
2065 3199 2127 3256 in
2170 3197 2418 3271 honoris

514 3299 963 3358 contentionem
995 3299 1353 3357 incidissent
1376 3321 1391 3370 ;
1435 3309 1665 3374 pestem
1692 3297 1851 3355 enim
1879 3296 2104 3354 nullam
2129 3294 2417 3354 maiorem

513 3413 650 3455 esse
701 3396 977 3454 amicitiis
1028 3414 1207 3470 quam
1242 3395 1300 3451 in
1339 3395 1642 3472 plerisque
1679 3393 1971 3469 pecuniae
2001 3392 2415 3468 cupiditatem,

515 3491 579 3552 in
621 3493 863 3570 optimis
908 3493 1246 3569 quibusque
1294 3493 1544 3550 honoris
1593 3503 1900 3550 certamen
1944 3499 2005 3549 et
2049 3489 2298 3568 gloriae,
2342 3505 2416 3546 ex
