2788 3999
488 315 571 380 32
1268 313 1615 367 LAELIUS
2064 308 2290 384 [XXII.
2315 309 2383 364 85

486 493 548 541 et
603 481 926 559 diligendis
982 493 1045 541 et
1101 482 1374 541 colendis
1396 505 1414 556 3
1486 483 1893 559 praeposteris
1947 482 2108 541 enim
2165 482 2385 540 utimur

487 578 756 637 consiliis
785 588 846 635 et
875 589 1011 637 acta
1040 579 1288 656 agimu5‚
1321 579 1487 656 quod
1518 592 1790 638 vetamur
1816 590 2019 638 vetere
2049 578 2388 656 proverbi0.

490 677 664 748 Nam,
697 674 986 752 implicati
1015 676 1173 733 ultro
1203 686 1264 734 et
1292 675 1445 734 citro
1475 677 1568 734 vel
1599 696 1712 740 usu
1755 676 2039 736 diuturno
2067 675 2163 733 vel
2207 675 2387 734 etiam

487 773 718 845 officiis,
750 783 999 850 repente
1030 773 1091 831 in
1122 773 1325 831 medio
1367 792 1548 831 cursu
1592 774 1888 833 amicitias
1930 783 2142 832 exorta
2184 773 2390 850 aliqua

386 871 458 928 86
487 869 819 928 offensione
876 869 1305 946 disrumpimus
1327 891 1345 943 3
1436 871 1730 946 (XXIII)
1792 888 1914 948 quo
1959 869 2139 929 etiam
2196 868 2390 946 magis

486 966 889 1044 vituperanda
936 977 1030 1025 est
1069 966 1155 1026 rei
1190 967 1450 1025 maxime
1490 967 1870 1027 necessariae
1921 977 2090 1026 tanta
2139 965 2386 1025 incuria.

492 1064 636 1122 Una
690 1073 784 1122 est
838 1064 997 1122 enim
1056 1063 1320 1123 amicitia
1374 1063 1436 1121 in
1494 1065 1674 1125 rebus
1730 1064 2026 1137 humanis,
2085 1064 2163 1122 de
2219 1062 2391 1122 cuius

489 1161 747 1219 utilitate
803 1179 1017 1220 omnes
1072 1180 1194 1219 uno
1264 1179 1369 1220 ore
1426 1161 1816 1221 consentiunt
1836 1183 1854 1235 3
1930 1179 2298 1237 quamquam
2356 1179 2393 1218 a

488 1255 694 1314 multis
738 1256 928 1314 virtus
971 1256 1105 1332 ipsa
1149 1256 1556 1314 contemnitur
1600 1266 1661 1316 et
1709 1255 2044 1314 venditatio
2090 1255 2390 1332 quaedam

491 1363 673 1429 atque
703 1353 1034 1411 ostentatio
1064 1371 1198 1411 esse
1229 1352 1487 1427 dicitur3
1540 1353 1712 1412 multi
1741 1352 1982 1412 divitias
2026 1351 2388 1429 despiciunt,

491 1470 644 1526 quos
675 1469 861 1528 parvo
896 1460 1218 1510 contentos
1262 1450 1462 1510 tenuis
1492 1451 1686 1510 victus
1728 1451 2046 1526 cultusque
2089 1450 2355 1508 delectat
2375 1473 2394 1524 3

490 1551 751 1608 honores
782 1566 942 1618 vero,
976 1566 1228 1624 quorum
1259 1547 1591 1625 cupiditate
1635 1547 1877 1624 quidam
1924 1547 2390 1618 inflammantur,

491 1665 674 1724 quam
704 1645 874 1704 multi
904 1645 989 1704 ita
1028 1655 1445 1716 contemnunt,
1475 1655 1543 1703 ut
1585 1645 1733 1704 nihil
1776 1645 2033 1717 inaniuS,
2065 1644 2212 1702 nihil
2255 1662 2391 1704 esse

490 1744 681 1803 levius
738 1742 1116 1802 existiment!
1221 1744 1499 1820 Itemque
1539 1752 1759 1814 cetera,
1818 1761 1975 1819 quae
2025 1743 2387 1820 quibusdam

489 1840 869 1900 admirabilia
891 1841 1187 1913 videntur,
1212 1841 1495 1917 permulti
1517 1850 1658 1900 sunt
1681 1840 1783 1916 qui
1808 1859 1918 1916 pro
1939 1839 2125 1899 nihilo
2156 1823 2387 1916 putent.

490 1941 585 1998 De
616 1938 880 1999 amicitia
907 1957 1118 1997 omnes
1149 1938 1224 1997 ad
1257 1958 1441 1997 unum
1472 1938 1629 1997 idem
1660 1939 1946 2022 sentiunt,
1977 1948 2039 1998 et
2069 1938 2123 1998 ei
2167 1938 2269 2017 qui
2312 1939 2391 1997 ad

487 2055 612 2095 rem
643 2036 945 2112 publicam
977 2054 1043 2094 se
1073 2037 1477 2109 contulerunt,
1509 2046 1570 2094 et
1599 2035 1653 2094 ei
1683 2036 1785 2112 qui
1815 2024 2011 2094 rerum
2043 2036 2389 2114 cognitione

487 2134 885 2212 doctrinaque
950 2134 1348 2207 delectantur,
1421 2144 1484 2193 et
1551 2135 1607 2194 ei
1680 2135 1782 2212 qui
1851 2154 2025 2193 suum
2082 2136 2390 2214 negotium

485 2246 704 2313 gerunt
759 2235 954 2308 otiosi,
1011 2245 1321 2312 postremo
1377 2236 1434 2295 ei
1490 2237 1594 2314 qui
1651 2255 1717 2296 se
1783 2245 1947 2295 totos
2011 2235 2391 2295 tradiderunt

486 2334 917 2411 voluptatibus,
951 2335 1081 2394 sine
1118 2337 1382 2396 amicitia
1411 2338 1595 2413 vitam
1640 2356 1774 2398 esse
1822 2339 2066 2410 nullam,
2110 2336 2161 2397 si
2204 2336 2390 2395 modo

381 2436 455 2508 87
485 2431 673 2490 velint
718 2432 922 2509 aliqua
967 2451 1041 2492 ex
1087 2445 1256 2510 parte
1304 2435 1632 2495 liberaliter
1674 2437 1892 2495 vivere.
1983 2435 2181 2512 Serpit
2226 2435 2387 2493 enim

487 2529 692 2588 nescio
725 2549 845 2606 quo
875 2532 1059 2589 modo
1095 2551 1203 2608 per
1231 2534 1499 2592 omnium
1544 2535 1698 2593 vitas
1720 2530 2004 2592 ‘amicitia
2047 2552 2161 2592 nec
2202 2533 2394 2591 ullam

488 2626 704 2685 aetatis
755 2629 1070 2705 degendae
1117 2630 1689 2706 rationem‘patitur
1736 2650 1873 2691 esse
1923 2641 2231 2706 expertem
2274 2629 2385 2688 sui.

487 2722 650 2797 Quin
708 2724 891 2783 etiam
949 2727 1001 2785 si
1058 2729 1193 2804 quis
1252 2729 1577 2805 asperitate
1634 2748 1709 2788 ea
1758 2739 1851 2788 est
1901 2739 1962 2787 et
2012 2729 2387 2787 immanitate

486 2831 753 2894 naturae,
804 2843 1166 2901 congressus
1213 2835 1279 2884 ut
1328 2826 1636 2885 hominum
1686 2825 1878 2904 fugiat
1935 2835 2115 2902 atque
2171 2825 2385 2899 oderit,

485 2918 724 2994 qualem
755 2920 944 2979 fuisse
976 2921 1233 2979 Athenis
1263 2922 1564 2980 Timonen
1588 2922 1794 2981 nescio
1819 2941 1999 2999 quem
2023 2921 2386 2998 accepimuS,

486 3023 686 3073 tamen
721 3016 770 3075 is
799 3018 924 3093 pati
956 3037 1078 3076 non
1109 3018 1318 3094 possit,
1350 3029 1418 3078 ut
1448 3039 1567 3078 non
1600 3020 1880 3095 anquirat
1911 3019 2190 3095 aliquem,
2224 3018 2385 3095 apud

487 3130 664 3186 quem
696 3123 939 3171 evomat
967 3114 1129 3173 virus
1173 3114 1520 3175 acerbitatis
1559 3134 1725 3176 suae.
1815 3118 2015 3193 Atque
2060 3117 2178 3175 hoc
2222 3135 2388 3174 max·

485 3204 602 3263 ime
633 3205 1014 3279 iudicaretur,
1044 3208 1095 3266 si
1125 3210 1270 3284 quid
1301 3211 1422 3268 tale
1452 3210 1643 3286 possit
1672 3211 2042 3289 contingere,
2073 3220 2140 3269 ut
2169 3211 2389 3289 aliquis

486 3320 599 3361 nos
649 3302 801 3363 deus
848 3323 922 3363 ex
972 3306 1087 3364 hac
1143 3306 1455 3365 hominum
1511 3307 1855 3385 frequentia
1911 3309 2153 3368 tolleret
2209 3321 2271 3368 et
2325 3308 2388 3367 in

484 3397 810 3457 solitudine
877 3401 1112 3477 uspiam
1184 3404 1513 3462 collocaret
1581 3414 1764 3481 atque
1828 3404 1927 3470 ibi.
1986 3406 2387 3482 suppeditans

484 3495 752 3554 omnium
784 3515 997 3570 rerum,
1031 3517 1184 3574 quas
1229 3511 1445 3558 natura
1488 3501 1810 3573 desiderat,
1844 3501 2280 3561 abundantiam
2325 3509 2386 3562 et
