2788 3999
529 292 616 389 28
1203 303 1418 358 CATO
1472 302 1744 357 MAIOR
2136 298 2331 372 [XIX.
2360 299 2429 353 66

526 493 645 554 que
689 473 1012 534 sollicitam
1054 474 1281 534 habere
1324 484 1598 533 nostram
1641 481 1904 531 aetatem
1932 470 2186 544 videtur,
2218 489 2429 548 appro-

525 572 843 652 pinquatio
873 571 1102 644 mortiS‚
1129 590 1286 648 quae
1316 581 1480 631 certe
1511 589 1547 629 a
1577 579 1893 630 senectute
1913 588 2038 628 non
2066 577 2270 645 potest
2293 586 2430 627 esse

526 671 725 749 longe.
807 670 864 729 Ο
896 668 1176 728 miserum
1209 687 1440 741 senem,
1473 667 1576 745 qui
1618 677 1875 726 mortem
1918 666 2433 726 contemnendam

523 788 659 829 esse
686 768 748 828 in
779 778 902 828 tam
936 767 1122 845 longa
1150 776 1351 826 aetate
1388 784 1512 825 non
1542 765 1796 824 viderit!
1882 764 2060 838 Quae
2103 772 2206 822 aut
2247 763 2434 841 plane

523 866 906 945 neglegenda
934 875 1043 938 est,
1076 863 1128 923 si
1159 863 1409 922 omnino
1438 861 1768 940 exstinguit
1797 860 2081 934 animum,
2114 872 2219 920 aut
2247 860 2434 920 etiam

522 964 812 1041 optanda,
844 962 895 1022 si
924 961 1129 1039 aliquo
1159 978 1298 1019 eum
1328 959 1579 1019 deducit
1606 958 1711 1018 ubi
1740 958 1818 1018 sit
1848 959 2085 1019 futurus
2128 970 2435 1018 aeternus,

415 1064 489 1137 67
523 1061 713 1140 Atqui
755 1060 994 1120 tertium
1039 1068 1201 1119 certe
1244 1057 1393 1116 nihil
1438 1057 1693 1116 inveniri
1735 1067 1957 1134 potest.
2045 1056 2210 1130 Quid
2254 1055 2437 1134 igitur

524 1160 786 1233 timeam,
819 1159 870 1218 si
901 1168 1005 1218 aut
1036 1177 1157 1218 non
1186 1156 1367 1216 miser
1394 1165 1539 1234 post
1568 1165 1843 1226 mortem,
1870 1166 1973 1213 aut
2002 1155 2218 1214 beatus
2248 1154 2435 1213 etiam

521 1258 760 1316 futurus
790 1275 922 1316 sum
949 1258 972 1317 ἓ
1031 1256 1418 1333 Quamquam
1451 1252 1587 1331 quis
1616 1262 1711 1312 est
1740 1261 1865 1311 tam
1895 1253 2135 1323 stultuS,
2156 1251 2435 1328 quamvis

522 1353 603 1414 sit
646 1353 1025 1425 adulescenS‚
1058 1352 1155 1411 cui
1198 1352 1276 1412 sit
1312 1352 1693 1428 exploratum
1723 1368 1789 1409 se
1820 1350 1898 1408 ad
1929 1367 2250 1426 vesperum
2295 1366 2434 1407 esse

519 1450 861 1511 victurum?
945 1450 1109 1524 Quin
1166 1450 1348 1514 etiam
1394 1458 1564 1508 aetas
1607 1444 1712 1508 illa
1753 1448 1943 1507 multo
1999 1445 2190 1525 pluris
2247 1465 2434 1523 quam

520 1558 733 1608 nostra
762 1566 941 1607 casus
972 1547 1182 1606 mortis
1212 1547 1434 1606 habet:
1491 1546 1731 1606 facilius
1775 1546 1835 1605 in
1879 1546 2127 1607 morbos
2157 1545 2435 1605 incidunt

522 1643 966 1715 adulescenteS,
984 1642 1228 1720 gravius
1253 1651 1591 1720 aegrotant,
1614 1640 1842 1701 tristius
1861 1652 2166 1702 curantur.
2213 1643 2434 1720 Itaque

522 1739 702 1819 pauci
748 1739 1000 1799 veniunt
1046 1740 1121 1797 ad
1181 1748 1598 1812 senectutem;
1654 1739 1818 1815 quod
1867 1739 1927 1798 ni
1977 1740 2062 1799 ita
2108 1739 2433 1812 accideret,

522 1837 740 1897 melius
782 1846 843 1897 et
885 1836 1245 1914 prudentius
1272 1837 1592 1897 viveretur.
1678 1839 1861 1897 Mens
1903 1837 2065 1897 enim
2095 1847 2157 1897 et
2186 1837 2343 1896 ratio
2374 1846 2437 1896 et

522 1933 842 1994 consilium
889 1933 949 1992 in
992 1933 1241 1992 senibus
1292 1944 1404 2008 est,
1451 1934 1554 2012 qui
1604 1934 1654 1994 si
1708 1934 1856 1993 nulli
1898 1935 2177 2009 fuissent,
2229 1933 2436 1993 nullae

522 2032 771 2092 omnino
801 2032 1078 2091 civitates
1101 2032 1377 2090 fuissent.
1443 2033 1564 2092 Sed
1595 2033 1779 2092 redeo
1811 2032 1888 2092 ad
1920 2044 2177 2093 mortem
2208 2032 2435 2110 impen-

522 2130 787 2189 dentem.
876 2129 1060 2203 Quod
1105 2138 1199 2187 est
1242 2127 1404 2187 istud
1448 2129 1673 2189 crimen
1719 2130 2070 2204 senectutis,
2101 2149 2238 2189 curn
2281 2129 2343 2188 id
2380 2129 2434 2189 ei

416 2230 492 2286 68
523 2226 781 2287 videatis
824 2245 960 2284 cum
1005 2226 1422 2285 adulescentia
1470 2245 1604 2287 esse
1654 2230 2020 2288 commune?
2107 2225 2284 2286 Sensi
2319 2246 2435 2305 ego

525 2325 585 2384 in
615 2323 848 2402 optimo
876 2323 1019 2396 filio,
1053 2332 1117 2382 tu
1147 2323 1208 2381 in
1239 2325 1608 2400 exspectatis
1653 2326 1731 2384 ad
1775 2324 2210 2403 amplissimam
2246 2323 2432 2402 digni·

523 2431 711 2479 tatem
754 2418 1058 2492 fratribuS,
1096 2419 1316 2496 Scipio,
1353 2431 1610 2480 mortem
1655 2422 1821 2481 omni
1866 2421 2052 2481 aetati
2095 2440 2232 2480 esse
2275 2439 2435 2480 corn·

522 2534 788 2576 munem.
875 2518 959 2575 At
1010 2527 1214 2593 sperat
1261 2517 1626 2578 adulescens
1673 2519 1777 2577 diu
1827 2538 1894 2578 se
1923 2520 2237 2588 victurum,
2269 2517 2437 2594 quod

524 2630 767 2690 sperare
817 2612 977 2671 idem
1037 2632 1223 2671 senex
1271 2632 1397 2671 non
1444 2625 1667 2692 potest.
1771 2615 2139 2692 Insipienter
2188 2624 2437 2691 sperat3

523 2710 670 2788 quid
701 2710 859 2768 enirn
893 2710 1135 2769 stultius
1170 2730 1351 2787 quam
1385 2712 1618 2771 incerta
1651 2732 1762 2789 pro
1791 2713 1971 2772 certis
2000 2713 2248 2784 habere,
2276 2711 2437 2771 falsa

521 2826 632 2885 pro
678 2807 883 2866 veris?
970 2808 1051 2865 At
1099 2826 1287 2866 senex
1336 2828 1412 2867 ne
1462 2811 1629 2886 quod
1677 2820 1880 2886 speret
1930 2809 2179 2888 quidem
2227 2809 2438 2869 habet.

523 2908 606 2964 At
635 2914 728 2963 est
757 2922 832 2963 eo
864 2903 1112 2963 meliore
1143 2906 1507 2965 condicione
1530 2926 1711 2983 quam
1743 2908 2123 2978 adulescens,
2145 2906 2436 2983 quoniam

523 3002 582 3061 id
637 3003 800 3079 quod
853 3001 953 3060 ille
1001 3014 1205 3079 sperat
1250 3003 1348 3063 hic
1394 3015 1761 3063 consecutus
1812 3016 1959 3064 estz·
2009 3004 2111 3063 ille
2156 3004 2285 3062 volt
2331 3004 2435 3062 diu

417 3102 489 3178 69
521 3101 739 3171 vivere,
773 3099 871 3158 hic
900 3099 1005 3158 diu
1034 3101 1198 3161 vixit.
1273 3100 1679 3178 Quamquam,
1713 3121 1750 3161 o
1781 3102 1840 3161 di
1873 3102 2036 3174 boni,
2069 3101 2217 3178 quid
2250 3110 2345 3161 est
2375 3100 2436 3159 in

522 3197 785 3256 hominis
818 3209 1033 3257 natura
1076 3198 1223 3258 diu?
1310 3199 1410 3256 Da
1452 3199 1612 3257 enim
1659 3218 2007 3276 supremum
2051 3209 2308 3275 tempuS,
2340 3216 2437 3256 ex·

523 3306 871 3371 spectemus
913 3296 1362 3354 Tartessiorum
1424 3295 1582 3372 regis
1628 3306 1928 3354 aetatem:
1986 3296 2101 3354 fuit
2144 3296 2326 3368 enirn,
2369 3305 2436 3354 ut

521 3393 811 3469 scriptum
868 3391 1065 3463 vide0‚
1126 3392 1585 3469 Arganthonius
1656 3392 1901 3469 quidam
1975 3393 2270 3465 GadibuS,
2331 3392 2435 3468 qui

523 3487 840 3566 octoginta
906 3497 1266 3564 regnaverat
1336 3508 1552 3561 annos,
1610 3499 1855 3547 centum
1913 3487 2126 3566 viginti
2180 3488 2430 3548 vixerat.
