2788 3999
452 316 492 363 2
1221 308 1563 365 LAELms
1865 348 1870 353 .
2211 310 2289 382 [1.
2318 266 2371 380 ³.

447 489 651 568 posuit
680 488 855 549 nobis
879 506 1223 548 sermonem
1246 489 1418 547 Laeli
1444 487 1522 547 de
1553 487 1817 548 amicitia
1837 488 2109 549 habitum
2139 490 2217 549 ab
2246 490 2351 550 illo

448 606 654 648 secum
684 598 746 647 et
774 606 908 646 cum
941 587 1133 645 altero
1161 604 1388 664 genero
1420 587 1490 646 C.
1525 586 1778 658 Fannio,
1811 587 2006 648 Marci
2034 587 2178 661 filio,
2209 607 2352 665 pau·

447 685 534 745 cis
584 685 800 745 diebus
848 694 991 762 post
1039 694 1294 743 mortem
1345 684 1637 744 Africani.
1725 683 1872 744 Eius
1919 684 2350 762 disputationis

446 782 782 842 sententias
824 780 1152 842 memoriae
1196 780 1500 853 mandavi,
1539 800 1694 857 quas
1733 782 1851 841 hoc
1900 781 2054 842 libro
2097 783 2352 859 exposui

445 880 736 940 arbitratu
781 897 952 939 meo:
1014 878 1188 955 quasi
1233 878 1394 936 enim
1447 878 1613 955 ipsos
1659 878 1868 938 induxi
1916 879 2239 956 loquentis,
2272 898 2348 939 ne

449 978 728 1055 ‘inquam
750 977 764 1004 '
807 987 869 1036 et
915 974 1176 1052 ‘inquit'
1223 976 1467 1051 saepius
1518 975 2005 1053 interponeretur
2050 988 2234 1055 atque
2284 988 2351 1037 ut

443 1085 753 1151 tamquam
784 1093 820 1132 a
848 1072 1271 1151 praesentibus
1311 1090 1518 1131 coram
1547 1072 1758 1132 haberi
1797 1092 1996 1133 sermo
2025 1074 2347 1135 videretur.

376 1192 416 1246 4
444 1172 598 1231 Cum
643 1171 805 1229 enim
847 1188 1031 1247 saepe
1075 1188 1313 1229 mecum
1357 1188 1587 1247 ageres,
1621 1180 1687 1229 ut
1716 1171 1793 1229 de
1824 1171 2089 1231 amicitia
2129 1172 2352 1231 scribe-

392 1286 396 1289 ⁴
441 1286 569 1326 rem
595 1267 840 1344 aliquid,
866 1267 1053 1345 digna
1081 1267 1225 1325 mihi
1256 1286 1353 1326 res
1375 1285 1514 1326 cum
1544 1267 1810 1326 omnium
1842 1268 2190 1346 cognitione
2220 1280 2347 1329 tum

441 1376 653 1425 nostra
693 1364 1101 1423 familiaritate
1131 1364 1263 1423 visa
1291 1375 1383 1422 est
1405 1386 1423 1437 3
1478 1364 1682 1440 itaque
1716 1363 1834 1423 feci
1865 1384 1985 1423 non
2030 1365 2253 1425 invitus
2283 1378 2350 1427 ut

438 1463 793 1540 prodessem
827 1461 1031 1520 multis
1054 1471 1268 1539 rogatu
1292 1471 1416 1520 tu0.
1506 1460 1628 1519 Sed
1649 1471 1716 1520 ut
1745 1461 1805 1519 in
1833 1462 2070 1521 Catone
2101 1463 2346 1539 maiore,

440 1559 543 1636 qui
589 1569 683 1618 est
729 1559 989 1636 scriptus
1040 1558 1117 1616 ad
1170 1568 1229 1617 te
1277 1558 1358 1616 de
1409 1567 1740 1631 senectute,
1794 1559 2092 1618 Catonem
2138 1560 2349 1621 induxi

439 1676 647 1716 senem
678 1658 1108 1734 disputantem,
1141 1655 1285 1733 quia
1314 1656 1483 1715 nulla
1510 1656 1830 1716 videbatur
1858 1658 2056 1734 aptior
2083 1676 2349 1734 persona

439 1774 596 1833 quae
626 1755 702 1813 de
733 1753 836 1812 illa
866 1764 1066 1812 aetate
1097 1753 1461 1830 loqueretur,
1493 1772 1674 1831 quam
1716 1752 1866 1825 eius,
1896 1754 2001 1831 qui
2039 1765 2101 1813 et
2138 1755 2349 1815 diutis-

438 1852 587 1912 sime
632 1870 819 1912 senex
860 1851 1075 1910 suisset
1118 1861 1179 1909 et
1222 1852 1283 1910 in
1328 1852 1461 1928 ipsa
1496 1860 1811 1909 senectute
1841 1863 2082 1927 praeter
2109 1862 2347 1913 ceteros

436 1947 780 2022 floruisset3
837 1946 941 2020 sie,
991 1939 1137 2006 cum'
1179 1945 1626 2024 accepissemus
1677 1965 1713 2005 a
1761 1945 2037 2023 patribus
2086 1946 2346 2008 maxime

437 2044 891 2103 memorabilem
944 2044 1013 2102 C.
1068 2043 1238 2103 Laeli
1288 2054 1350 2101 et
1403 2043 1467 2102 P.
1524 2041 1823 2119 Scipionis
1872 2041 2344 2104 familiaritatem

433 2144 638 2215 fuisse,
670 2145 893 2205 idonea
931 2146 1073 2204 mihi
1107 2145 1273 2205 Laeli
1315 2161 1581 2220 persona
1607 2143 1739 2201 visa
1771 2151 1866 2201 est
1895 2160 2052 2218 quae
2096 2142 2174 2201 de
2204 2143 2346 2203 ami-

435 2240 576 2300 citia
604 2260 678 2300 ea
707 2242 840 2319 ipsa
869 2244 1211 2313 dissereret,
1237 2259 1392 2319 quae
1424 2241 1735 2317 disputata
1764 2240 1841 2299 ab
1871 2258 1946 2298 eo
1970 2239 2344 2300 meminisset

438 2339 750 2400 Scaevola.
857 2342 1067 2402 Genus
1119 2354 1320 2404 autem
1377 2345 1496 2405 hoc
1553 2359 1900 2407 sermonum
1956 2343 2221 2422 positum
2279 2342 2339 2401 in

434 2436 745 2496 hominum
775 2448 1039 2498 veterum
1082 2443 1442 2502 auctoritate
1486 2455 1546 2504 et
1589 2464 1797 2505 eorum
1841 2446 2158 2507 illustrium
2203 2446 2341 2525 plus

433 2534 640 2593 nescio
699 2554 820 2612 quo
878 2547 1058 2613 pacto
1115 2537 1353 2597 videtur
1410 2541 1636 2600 habere
1684 2544 2017 2621 gravitatis
2121 2544 2339 2622 Itaque

434 2632 563 2707 ipse
593 2651 729 2711 mea
769 2632 977 2709 legens
1017 2635 1104 2693 sic
1144 2636 1373 2694 afficior
1411 2638 1730 2712 interdum,
1762 2650 1828 2700 ut
1863 2642 2184 2714 Catonem,
2215 2661 2336 2701 non

367 2746 398 2804 5
432 2747 544 2799 me,
579 2729 743 2805 loqui
789 2730 1140 2791 existimem.
1232 2734 1353 2793 Sed
1398 2745 1463 2793 ut
1505 2745 1631 2794 tum
1678 2737 1756 2795 ad
1796 2756 2003 2797 senem
2042 2757 2229 2798 senex
2258 2738 2336 2798 de

433 2835 763 2894 senectute,
796 2825 882 2885 sic
912 2828 1029 2887 hoc
1059 2829 1210 2888 libro
1257 2831 1334 2889 ad
1380 2832 1638 2891 amicum
1683 2835 2081 2895 amicissimus
2124 2835 2336 2913 scripsi

432 2922 509 2980 de
541 2923 819 2983 amicitia.
906 2924 1061 2984 Tum
1093 2937 1184 2985 est
1217 2928 1375 2987 Cato
1406 2928 1661 3002 locutuS,
1687 2950 1810 3008 quo
1839 2942 1971 2991 erat
2000 2951 2181 2992 nemo
2209 2933 2335 2992 fere

433 3020 635 3077 senior
666 3022 1038 3097 temporibus
1068 3023 1201 3095 illis,
1235 3045 1415 3084 nemo
1446 3028 1835 3103 prudentior:
1898 3049 2061 3089 nunc
2091 3030 2334 3090 Laelius

431 3127 493 3176 et
522 3117 783 3195 sapienS‚
815 3120 901 3178 sic
940 3121 1096 3178 enirn
1139 3133 1231 3180 est
1271 3125 1533 3196 habituS,
1566 3137 1628 3185 et
1666 3129 1966 3189 amicitiae
2005 3131 2200 3208 gloria
2235 3151 2332 3191 ex-

431 3214 660 3274 cellens
702 3216 779 3274 de
824 3217 1085 3276 amicitia
1130 3219 1424 3295 loquetur.
1514 3224 1609 3281 Tu
1639 3224 1817 3284 velim
1863 3245 1898 3285 a
1942 3246 2037 3287 me
2068 3228 2331 3288 animum

430 3329 755 3387 parumper
784 3322 1037 3382 avertaS,
1072 3314 1340 3374 Laelium
1373 3318 1541 3394 loqui
1571 3319 1766 3396 ipsum
1798 3334 1992 3399 putes.
2081 3326 2151 3386 C.
2186 3326 2325 3385 Fan·

432 3407 567 3467 nius
597 3419 659 3466 et
688 3407 763 3481 Q.
800 3410 1038 3468 Mucius
1069 3410 1146 3468 ad
1178 3431 1452 3473 socerum
1484 3417 1736 3478 veniunt
1766 3433 1906 3497 post
1936 3433 2193 3484 mortem
2225 3424 2324 3483 Af·

430 3504 653 3565 ricani:
712 3506 790 3563 ab
838 3506 932 3564 his
982 3526 1179 3566 sermo
1219 3511 1420 3583 oritur,
1470 3517 1802 3591 respondet
1854 3520 2115 3591 LaeliuS‚
2160 3519 2334 3582 cuius
