2788 3999
423 331 594 385 Vlli.
625 331 720 405 26]
1145 333 1255 385 DE
1306 333 1718 387 AMICITIA.
2248 336 2315 386 11

505 501 824 558 Hactenus
867 500 1012 559 mihi
1041 499 1253 559 videor
1296 500 1374 559 de
1418 500 1683 560 amicitia
1712 501 1860 578 quid
1902 501 2189 562 sentirem
2219 515 2328 579 po·

421 595 606 655 tuisse
662 595 903 672 dicere,
955 597 1006 655 si
1064 615 1220 674 quae
1269 608 1587 673 praeterea
1633 597 2073 658 sunt—credo
2123 609 2326 658 autem

418 711 555 752 esse
604 693 992 753 multa—ab
1041 695 1148 766 eis,
1197 694 1250 753 si
1298 694 1618 769 videbitur,
1669 696 1772 773 qui
1822 695 1941 755 ista
1989 696 2324 822 disputant,

419 791 775 867 quaeritote.

501 888 806 947 FANNIUS.
891 889 1024 948 Nos
1055 897 1255 948 autem
1288 907 1324 947 a
1353 898 1413 948 te
1451 889 1688 967 potius:
1732 908 2097 967 quamquam
2138 889 2322 949 etiam
2353 907 2423 969 25

418 983 496 1042 ab
526 984 657 1043 istis
687 1002 870 1062 saepe
914 985 1186 1062 quaesivi
1231 996 1292 1044 et
1335 986 1539 1045 audivi
1586 1005 1708 1046 non
1752 986 1975 1046 invitus
2019 987 2320 1064 equidem,

416 1080 527 1142 sed
558 1081 718 1140 aliud
751 1082 1063 1159 quoddam
1091 1081 1257 1143 filum
1290 1082 1584 1143 orationis
1612 1093 1771 1143 tuae.

499 1178 847 1238 SCAEVOLA.
931 1179 1089 1237 Tum
1137 1178 1330 1257 magis
1375 1179 1438 1238 id
1484 1178 1740 1251 diceres,
1786 1180 1997 1254 Fanni,
2030 1180 2083 1241 si
2128 1199 2323 1261 nuper

416 1273 477 1333 in
507 1275 696 1333 hortis
745 1275 1063 1352 ScipioniS,
1094 1295 1232 1335 cum
1280 1287 1372 1335 est
1419 1277 1496 1336 de
1542 1296 1606 1336 re
1651 1277 1896 1355 publica
1926 1277 2318 1355 disputatum,

416 1370 713 1431 affuisseS.
797 1372 1015 1445 Qualis
1045 1382 1170 1431 tum
1202 1384 1498 1450 patronus
1537 1374 1801 1435 iustitiae
1843 1374 1958 1434 fuit
1999 1386 2213 1435 contra
2253 1395 2347 1439 ac·

414 1478 682 1527 curatam
713 1468 1048 1553 orationem
1083 1470 1274 1530 Phili!

498 1566 809 1625 FANNIUS.
896 1566 1100 1625 Facile
1143 1566 1206 1625 id
1249 1567 1495 1646 quidem
1523 1568 1639 1627 fuit
1666 1568 1955 1630 iustitiam
1987 1569 2322 1633 iustissimo

414 1663 542 1723 viro
571 1663 921 1723 defendere.

496 1761 842 1820 SCAEVOLA.
928 1760 1137 1835 Quid?
1180 1762 1503 1821 amicitiam
1534 1782 1739 1823 nonne
1768 1764 1947 1824 facile
1985 1765 2058 1839 ei,
2091 1765 2194 1844 qui
2236 1766 2319 1827 ob

410 1876 545 1918 eam
589 1876 825 1917 summa
853 1858 990 1930 fide,
1022 1860 1370 1919 constantia
1403 1860 1749 1937 iustitiaque
1792 1872 2094 1922 servatam
2136 1863 2319 1923 maxi·

409 1973 567 2015 mam
596 1954 850 2033 gloriam
882 1957 1150 2034 ceperit?

489 2054 670 2113 VIII.
731 2054 1028 2113 LAELmS.
1114 2055 1256 2115 Vim
1285 2057 1404 2115 hoc
1441 2056 1685 2134 quidem
1727 2067 1821 2118 est
1860 2058 2112 2121 afferre:
2168 2061 2315 2137 quid
2348 2063 2418 2122 26

409 2151 568 2210 enim
627 2153 810 2211 refert
866 2170 988 2229 qua
1035 2170 1133 2210 me
1190 2153 1425 2211 ratione
1476 2155 1753 2231 cogatis?
1839 2155 2073 2233 Cogitis
2129 2167 2311 2218 certe.

407 2247 632 2307 Studiis
682 2249 842 2308 enim
899 2267 1279 2325 generorum,
1312 2251 1667 2327 praesertim
1718 2251 1777 2310 in
1830 2271 1894 2310 re
1943 2253 2125 2327 bona,
2176 2271 2313 2313 cum

406 2344 650 2404 difficile
680 2355 774 2405 est
803 2355 928 2405 tum
960 2364 1036 2404 ne
1067 2364 1326 2423 aequum
1358 2347 1603 2424 quidem
1635 2349 1949 2410 obsistere.

371 2445 474 2525 ί
490 2442 857 2519 Saepissime
888 2443 1068 2521 igitur
1103 2442 1248 2501 mihi
1291 2443 1368 2502 de
1413 2445 1677 2504 amicitia
1718 2446 2013 2524 cogitanti
2054 2449 2314 2510 maxime

406 2540 556 2599 illud
586 2540 1095 2599 considerandum
1126 2540 1317 2599 videri
1346 2541 1520 2615 solet,
1546 2552 1746 2603 utrum
1775 2555 2023 2622 propter
2052 2545 2316 2607 imbecil-

405 2643 633 2703 litatem
667 2653 848 2719 atque
879 2643 1143 2719 inopiam
1189 2643 1537 2702 desiderata
1566 2643 1644 2702 sit
1673 2644 1952 2719 amicitia,
1985 2655 2050 2704 ut
2093 2646 2314 2706 dandis

404 2740 890 2818 recipiendisque
936 2740 1176 2813 meritis,
1209 2741 1374 2818 quod
1420 2741 1677 2818 quisque
1720 2742 1920 2801 minus
1950 2762 2059 2820 per
2086 2761 2152 2803 se
2181 2743 2313 2821 ipse

404 2847 629 2915 posset,
684 2837 746 2898 id
797 2838 1101 2914 acciperet
1145 2839 1224 2897 ab
1274 2838 1394 2897 alio
1444 2838 1829 2915 vicissimque
1880 2841 2178 2914 redderet,
2232 2860 2311 2900 an

403 2945 569 2995 esset
611 2936 728 2996 hoc
771 2934 1015 3012 quidem
1059 2936 1367 3012 proprium
1415 2935 1730 3008 amicitiae,
1764 2938 1871 2996 sed
1918 2937 2222 3014 antiquior
2250 2947 2313 3000 et

403 3033 710 3109 pulchrior
756 3042 817 3091 et
863 3033 1054 3110 magis
1101 3052 1137 3090 a
1182 3043 1400 3091 natura
1445 3033 1579 3110 ipsa
1620 3034 1898 3110 profecta
1943 3034 2060 3093 alia
2104 3044 2425 3111 causas

405 3132 597 3190 Amor
623 3130 803 3204 enim,
835 3149 909 3189 ex
940 3149 1062 3207 quo
1093 3130 1356 3189 amicitia
1397 3131 1707 3192 nominata
1749 3140 1859 3203 est,
1892 3132 2174 3210 princeps
2217 3141 2312 3193 est

405 3229 482 3288 ad
528 3227 1019 3287 benevolentiam
1063 3228 1572 3305 coniungendam.
1658 3229 1818 3287 Nam
1865 3228 2156 3288 utilitates
2187 3229 2313 3305 qui·

404 3324 541 3383 dem
594 3325 776 3384 etiam
823 3325 901 3383 ab
944 3323 1032 3383 eis
1075 3323 1489 3401 percipiuntur
1530 3341 1731 3400 saepe,
1778 3324 1884 3402 qui
1927 3324 2312 3385 simulatione

406 3421 706 3481 amicitiae
756 3420 1038 3481 coluntur
1085 3430 1146 3478 et
1196 3421 1598 3480 observantur
1640 3420 1932 3498 temporis
1974 3440 2200 3496 causa;
2245 3420 2309 3482 in

404 3517 668 3578 amicitia
690 3528 894 3578 autem
926 3517 1071 3576 nihil
1101 3517 1324 3589 fictum,
1356 3517 1506 3575 nihil
1537 3518 1885 3578 simulatum
1917 3527 2011 3577 est
2040 3528 2119 3592 et,
2144 3517 2312 3596 quid·
