2788 3999
370 365 476 422 1v.
508 363 607 439 ιι]
1045 362 1158 419 DE
1212 361 1724 418 SENECTUTE.
2240 360 2276 432 ς

363 545 646 615 tempore
691 532 927 608 aetatis»,
970 551 1338 610 quamquam
1388 530 1451 591 id
1498 531 1745 609 quidem
1792 529 2118 591 maximum
2166 540 2280 605 est,

369 651 581 693 verum
639 632 822 692 etiam
873 630 1017 708 quia
1065 629 1444 690 conscientia
1493 630 1651 689 bene
1703 638 1876 689 actae
1925 628 2084 688 vitae
2133 627 2281 687 mul·

510 747 696 807 mque
724 728 882 788 bene
910 728 1211 787 factorum
1240 726 1584 787 recordatio
1612 726 2051 786 iucundissima
2077 735 2189 786 est.

389 840 418 857 ³
454 824 569 886 IV.
654 827 786 904 Ego
825 825 905 900 Q.
945 825 1301 898 Maximum,
1342 843 1480 884 eum
1522 825 1624 902 qui
1663 825 1997 884 Tarentum
2032 824 2281 903 recepit,

368 942 583 984 senem
623 923 986 983 adulescens
1029 922 1116 982 ita
1157 922 1359 997 dilexi,
1406 932 1472 982 ut
1511 923 1850 1000 aequalem.
1935 923 2083 982 Erat
2119 922 2282 982 enim

371 1021 435 1081 in
493 1020 599 1080 illo
654 1020 785 1080 viro
841 1019 1129 1080 comitate
1186 1021 1437 1080 condita
1490 1020 1774 1098 gravitas,
1826 1023 2283 1080 nec-‘mirectus

369 1136 574 1178 mores
623 1126 980 1178 mutaverat.
1085 1116 1475 1194 Quamquam
1522 1135 1661 1176 eum
1704 1117 1904 1176 colere
1942 1116 2120 1195 coepi
2159 1136 2284 1177 non

368 1214 706 1275 admodum
739 1213 1033 1293 grandem
1064 1225 1227 1287 natu,
1266 1215 1378 1274 sed
1419 1225 1623 1274 tamen
1657 1214 1776 1273 iam
1808 1223 2008 1274 aetate
2038 1233 2284 1292 provec-

369 1322 520 1372 tum.
606 1314 790 1372 Anno
846 1311 1009 1371 enim
1063 1321 1206 1389 post
1259 1313 1474 1372 consul
1530 1312 1791 1390 primum
1846 1312 2045 1393 fuerat
2101 1330 2282 1390 quam

368 1428 488 1487 ego
518 1418 699 1469 natus
728 1428 878 1481 sum,
910 1427 1170 1488 cumque
1210 1428 1286 1468 eo
1322 1419 1604 1487 quartum
1639 1409 1891 1469 consule
1935 1409 2287 1468 adulescen-

367 1472 537 1575 tul&
572 1508 748 1567 miles
783 1508 863 1567 ad
904 1509 1179 1585 Capuam
1220 1509 1536 1586 profectus
1575 1527 1709 1568 sum
1744 1508 2079 1585 quintoque
2120 1527 2284 1568 anno

371 1615 513 1685 post
541 1606 622 1665 ad
660 1605 1013 1665 Tarentum.
1099 1605 1409 1680 Quaestor
1444 1605 1667 1666 deinde
1706 1605 2106 1684 quadriennio
2141 1616 2284 1684 post

367 1703 572 1763 factus
611 1721 763 1776 sum,
810 1721 990 1782 quem
1034 1703 1450 1781 magistratum
1492 1702 1659 1782 gessi
1700 1702 2056 1763 consulibus
2098 1702 2286 1763 Tudi·

368 1809 520 1860 tano
576 1811 638 1860 et
695 1801 990 1879 Cethego,
1048 1819 1186 1861 cum
1244 1799 1491 1879 quidem
1548 1799 1651 1860 ille
1707 1800 2039 1861 admodum
2096 1819 2286 1860 senex

2320 843 2384 886 10

369 1916 590 1957 suasor
618 1898 769 1976 legis
799 1898 1053 1961 Cinciae
1096 1900 1173 1959 de
1217 1901 1398 1961 donis
1439 1912 1501 1961 et
1544 1900 1898 1962 muneribus
1940 1901 2073 1962 fuit.
2160 1900 2285 1961 Hic
2326 1910 2340 1922 ·

368 2005 433 2054 et
461 1994 627 2056 bella
653 1996 905 2073 gerebat
934 2008 1000 2057 ut
1030 1997 1411 2070 adulescens,
1442 2018 1577 2059 cum
1608 1999 1792 2078 plane
1820 1998 2071 2079 grandis
2101 2009 2281 2073 esset,

368 2102 436 2152 et
494 2094 913 2154 Hannibalem
957 2095 1296 2156 iuveniliter
1352 2099 1762 2158 exsultantem
1819 2096 2117 2175 patientia
2172 2115 2286 2157 sua

368 2190 719 2266 molliebat;
758 2191 836 2251 de
867 2211 988 2270 quo
1016 2195 1328 2272 praeclare
1357 2194 1671 2255 familiaris
1702 2204 1911 2254 noster
1942 2193 2217 2256 Enniusz

698 2414 856 2455 unus
878 2396 1046 2455 homo
1071 2399 1235 2458 nobis
1261 2399 1577 2459 cunctando
1602 2401 1860 2459 restituit
1882 2419 2003 2460 rem
2017 2422 2044 2469 ‚-

695 2510 938 2552 noenum
967 2514 1229 2554 rumores
1241 2499 1499 2571 ponebat
1521 2506 1658 2558 ante
1679 2501 1925 2557 salutem
1944 2519 1973 2568 ,-

695 2608 828 2666 ergo
840 2593 1102 2669 plusque
1124 2594 1423 2672 magisque
1449 2594 1577 2655 viri
1599 2614 1755 2655 nunc
1768 2596 1967 2671 gloria
1992 2596 2189 2656 clara.

454 2785 790 2844 Tarentum
826 2804 970 2846 vero
1014 2805 1136 2863 qua
1177 2787 1506 2867 vigilantia,
1553 2809 1677 2867 quo
1718 2790 1976 2850 consilio
2018 2787 2286 2867 recepit!

374 2881 534 2942 Cum
564 2880 811 2959 quidem
841 2901 938 2942 me
968 2884 1255 2945 audiente
1290 2886 1636 2958 Salinatori,
1663 2887 1767 2964 qui
1796 2887 2022 2947 amisso
2053 2885 2284 2964 oppido

370 2979 615 3056 fugerat
642 2977 706 3039 in
736 2998 954 3054 arcem,
983 2982 1268 3060 glorianti
1299 2993 1483 3060 atque
1506 2985 1589 3044 ita
1612 2983 1856 3057 dicenti,
1884 2988 1900 3016 ‘
1918 3004 2055 3044 mea
2078 3003 2284 3063 opera,

372 3076 453 3152 Q.
518 3076 687 3151 Fabi,
737 3079 1075 3139 Tarentum
1124 3081 1408 3159 recepisti
1429 3082 1463 3156 ',
1516 3084 1533 3114 ‘
1551 3090 1717 3141 certe
1734 3080 1771 3156 ',
1819 3080 2015 3159 inquit
2059 3082 2284 3154 ridenS,

375 3176 555 3234 ‘nam
602 3174 719 3235 nisi
767 3185 835 3235 tu
880 3177 1208 3253 amisisseS,
1260 3198 1591 3256 numquam
1640 3178 2011 3257 recepissem
2027 3155 2104 3267 Ξ]
2152 3181 2288 3240 Nec

374 3289 523 3332 vero
571 3271 633 3333 in
683 3273 867 3333 armis
908 3275 1320 3352 praestantior
1361 3297 1546 3355 quam
1590 3276 1652 3337 in
1694 3287 1841 3355 toga
1860 3298 1878 3351 3
1925 3278 2029 3354 qui
2070 3275 2284 3337 consul

377 3367 612 3443 iterum,
669 3371 772 3447 Sp.
824 3370 1093 3432 Carvilio
1149 3374 1386 3451 collega
1442 3374 1813 3452 quiescente,
1867 3374 1937 3434 C.
1986 3372 2285 3432 Flaminio

377 3464 620 3524 tribuno
645 3465 864 3544 plebiS,
896 3468 1099 3544 quoad
1128 3470 1340 3546 potuit,
1373 3471 1594 3530 restitit
1624 3489 1833 3549 agrum
1870 3469 2180 3529 Picentem
2225 3478 2288 3528 et

376 3559 678 3622 Gallicum
718 3563 942 3624 viritim
973 3573 1188 3624 contra
1216 3575 1466 3625 senatus
1498 3568 1918 3627 auctoritatem
1949 3563 2289 3634 dividenti;
