2788 3999
389 326 529 381 v11.
561 324 657 396 23]
1110 321 1219 375 DE
1272 321 1675 374 AM1c1T1A.
2037 338 2045 344 ,
2247 329 2294 392 9

390 512 573 568 mum,
603 494 709 552 illa
738 502 939 552 autem
970 493 1284 569 superiora
1311 491 1546 551 caduca
1575 501 1637 551 et
1664 492 1912 567 incerta,
1935 493 2139 571 posita
2171 513 2293 554 non

388 604 510 651 tam
562 592 623 649 in
673 591 944 650 consiliis
994 590 1218 649 nostris
1264 608 1446 666 quam
1494 589 1552 647 in
1603 590 1885 649 fortunae
1935 592 2295 651 temeritate.

389 689 511 763 Qui
542 698 743 747 autem
773 688 837 746 in
865 688 1083 747 virtute
1115 704 1412 746 summum
1445 686 1674 746 bonum
1702 697 1957 764 ponunt,
1983 690 2294 765 praeclare

388 785 472 843 illi
503 785 767 862 quidem,
801 785 910 844 sed
955 785 1107 843 haec
1148 784 1280 860 ipsa
1312 783 1501 842 virtus
1541 783 1866 842 amicitiam
1906 794 1969 843 et
2004 786 2198 864 gignit
2236 796 2298 846 et

386 883 677 957 continet,
704 901 818 941 nec
847 883 978 942 sine
1000 882 1217 941 virtute
1248 882 1513 941 amicitia
1540 900 1676 941 esse
1706 882 1831 941 ullo
1862 894 2044 959 pacto
2073 894 2296 962 potest.

390 982 521 1039 Iam
545 981 826 1039 virtutem
851 999 925 1039 ex
955 980 1396 1039 consuetudine
1420 980 1579 1039 vitae
1605 988 1850 1038 nostrae
1880 980 2297 1058 sermonisque
2330 1002 2359 1040 2
2376 1002 2396 1040 1

388 1078 580 1138 nostri
603 1078 1066 1155 interpretemur
1087 1096 1201 1136 nec
1224 1096 1377 1150 eam,
1402 1088 1469 1136 ut
1499 1077 1744 1153 quidam
1771 1077 1952 1151 docti,
1976 1078 2297 1137 verborum

388 1175 837 1253 magnificentia
867 1174 1201 1248 metiamur,
1232 1175 1519 1251 virosque
1557 1173 1757 1233 bonos
1796 1193 1903 1234 eos
1933 1174 2036 1251 qui
2075 1175 2301 1233 haben·

387 1282 483 1332 tur
512 1291 913 1345 numeremu5‚
947 1273 1173 1331 Paulos
1204 1273 1476 1331 Catones
1499 1269 1714 1330 Gallos
1749 1271 2063 1349 Scipiones
2088 1272 2299 1331 Philos

385 1370 577 1429 -his
612 1369 951 1429 communis
979 1368 1104 1426 vita
1145 1377 1439 1428 contenta
1481 1378 1800 1427 est—eos
1831 1378 2033 1427 autem
2064 1368 2301 1428 omitta-

388 1486 539 1539 mus,
593 1466 697 1544 qui
746 1466 998 1525 omnino
1050 1483 1349 1542 nusquam
1401 1464 1797 1542 reperiuntur.
1900 1465 2071 1537 Talis
2121 1465 2301 1543 igitur
2332 1485 2402 1524 22

388 1564 545 1623 inter
566 1564 728 1622 viros
758 1563 1023 1622 amicitia
1051 1572 1256 1621 tantas
1286 1563 1776 1639 opportunitates
1807 1561 2011 1634 habet,
2038 1573 2301 1638 quantas

388 1661 487 1720 vix
525 1680 685 1738 queo
725 1661 947 1721 dicere.
1037 1659 1343 1735 Principio
1373 1659 1477 1736 qui
1516 1668 1720 1737 potest
1758 1678 1895 1719 esse
1924 1660 2049 1718 vita
2077 1659 2296 1732 vitalis,

388 1769 455 1818 ut
498 1758 581 1818 ait
628 1757 881 1830 Ennius,
913 1774 1071 1833 quae
1118 1774 1242 1815 non
1289 1756 1350 1814 in
1397 1756 1572 1815 amici
1620 1766 1827 1815 mutua
1871 1756 2301 1816 benevolentia

389 1855 810 1933 conquiescit?
894 1853 1061 1927 Quid
1092 1853 1329 1913 dulcius
1353 1873 1535 1931 quam
1567 1853 1793 1913 habere
1823 1854 2063 1930 quicum
2096 1854 2302 1912 omnia

391 1953 618 2014 audeas
648 1952 736 2013 sic
764 1951 931 2028 loqui
959 1961 1026 2011 ut
1053 1953 1295 2012 tecum?
1378 1951 1501 2026 Qui
1531 1960 1697 2012 esset
1731 1961 1937 2011 tantus
1974 1950 2208 2011 fruetus
2237 1950 2302 2011 in

389 2050 697 2129 prosperis
739 2049 941 2122 rebus,
974 2049 1090 2109 nisi
1134 2049 1392 2109 haberes
1438 2048 1541 2125 qui
1586 2049 1704 2108 illis
1748 2067 1941 2125 aeque
1972 2067 2044 2107 ac
2074 2058 2139 2107 tu
2169 2048 2300 2125 ipse

387 2148 724 2226 gauderet?
812 2148 1118 2208 Adversas
1151 2165 1295 2205 vero
1336 2146 1495 2205 ferre
1539 2145 1783 2205 difficile
1827 2155 1989 2204 esset
2032 2143 2164 2204 sine
2207 2163 2301 2217 e0,

391 2246 495 2324 qui
524 2245 660 2306 illas
688 2245 932 2324 gravius
955 2244 1136 2305 etiam
1160 2262 1340 2320 quam
1373 2253 1432 2302 tu
1465 2244 1669 2301 ferret.
1755 2241 2038 2319 Denique
2061 2250 2301 2300 ceterae

392 2363 505 2418 res,
555 2363 712 2421 quae
756 2352 1139 2420 expetuntur,
1180 2351 1564 2419 opportunae
1610 2350 1753 2400 sunt
1798 2340 2073 2417 singulae
2119 2340 2302 2398 rebus

390 2442 519 2500 fere
550 2441 805 2518 singulis
828 2463 844 2514 3
883 2440 1149 2513 divitiae,
1180 2449 1246 2498 ut
1275 2449 1446 2498 utare
1468 2461 1487 2512 3
1527 2457 1694 2515 opeS‚
1727 2447 1792 2496 ut
1821 2437 2024 2496 colare
2044 2458 2063 2510 3
2103 2437 2294 2495 hono·

392 2558 508 2611 res,
538 2548 607 2597 ut
652 2538 901 2597 laudere
922 2560 941 2612 3
999 2538 1364 2614 voluptates,
1394 2545 1462 2594 ut
1503 2536 1775 2613 gaudeas
1796 2556 1814 2608 3
1876 2534 2183 2606 valetudo,
2235 2542 2303 2593 ut

393 2636 606 2696 dolore
646 2654 855 2694 careas
894 2644 957 2693 et
993 2634 1344 2693 muneribus
1390 2634 1645 2710 fungare
1685 2629 1991 2708 corporis:
2040 2629 2305 2689 amicitia

394 2752 490 2792 res
536 2732 825 2809 plurimas
870 2731 1143 2791 continet
1160 2753 1179 2805 3
1236 2749 1485 2807 quoquo
1530 2739 1590 2788 te
1618 2727 1870 2787 verteris
1914 2737 2160 2804 praesto
2190 2736 2300 2800 est,

395 2830 563 2889 nullo
593 2829 729 2888 loco
758 2828 1112 2901 excluditur,
1146 2847 1475 2905 numquam
1508 2825 1949 2902 intempestiva,
1973 2842 2302 2900 numquam

394 2927 655 2986 molesta
683 2934 796 2985 est.
884 2928 1101 3003 Itaque
1134 2944 1256 2983 non
1303 2943 1480 3001 aqua,
1514 2943 1636 2983 non
1682 2921 1823 3000 igni,
1853 2932 1919 2981 ut
1962 2921 2146 2994 aiunt,
2178 2922 2307 2998 plu·

396 3024 564 3084 ribus
591 3023 743 3083 locis
772 3022 996 3081 utimur
1024 3041 1206 3100 quarn
1238 3021 1525 3081 amicitia.
1610 3023 1830 3097 Neque
1869 3036 1987 3095 ego
2025 3036 2188 3076 nunc
2226 3017 2305 3076 de

397 3120 626 3199 volgari
657 3129 761 3179 aut
790 3120 867 3179 de
906 3117 1213 3191 mediocri,
1246 3137 1402 3194 quae
1441 3127 1646 3177 tamen
1687 3116 1820 3194 ipsa
1849 3125 1911 3174 et
1939 3114 2207 3174 delectat
2245 3122 2308 3172 et

397 3218 664 3295 prodest,
696 3216 807 3277 sed
850 3216 928 3276 de
970 3235 1113 3275 vera
1155 3226 1216 3274 et
1258 3215 1531 3292 perfecta
1572 3213 1806 3289 loquor,
1840 3211 2037 3289 qualis
2076 3229 2306 3283 eorum,

400 3312 504 3389 qui
532 3313 712 3391 pauci
740 3313 1145 3385 nominantur,
1177 3312 1309 3371 fuit.
1398 3313 1557 3369 Nam
1581 3319 1642 3368 et
1665 3310 1967 3368 secundas
1989 3325 2087 3367 res
2110 3299 2310 3384 splen·

401 3394 669 3472 didiore's
706 3411 855 3471 facit
900 3410 1181 3481 amicitia,
1214 3420 1276 3469 et
1316 3409 1621 3480 adversas,
1663 3405 1933 3483 partiens
1977 3402 2310 3465 communi·

402 3527 691 3589 cetusque,
723 3507 1000 3569 leviores·
1082 3509 1232 3569 VII.
1293 3507 1572 3585 Cumque
1600 3502 1891 3584 plurimas
1920 3510 1983 3563 et
2011 3500 2306 3562 maximas
2339 3519 2411 3577 23
