2788 3999
511 310 597 389 34
1176 354 1184 362 ·
1221 357 1227 364 ·
1280 326 1626 382 LAELIUS
2055 330 2305 398 [xxw.
2338 332 2406 399 89

502 494 799 573 obsequio
856 505 1075 567 autem,
1127 496 1414 572 quoniam
1471 498 1842 558 Terentiano
1891 500 2076 560 verbo
2127 500 2405 559 lubenter

501 594 741 663 utimur,
773 591 1027 651 comitas
1058 592 1234 664 adsit,
1259 595 1593 654 assentatio
1617 594 1893 655 vitiorum
1915 596 2175 654 adiutrix
2194 597 2401 673 procul

503 701 868 761 amoveatur,
896 707 1052 766 quae
1083 709 1205 748 non
1237 692 1420 750 modo
1452 693 1663 761 amico,
1689 693 1797 752 sed
1828 711 1904 751 ne
1935 693 2126 752 libero
2156 694 2402 771 quidem

501 789 686 868 digna
714 799 845 863 est3
902 787 1077 846 aliter
1106 788 1265 846 enim
1310 807 1448 847 cum
1491 798 1767 868 tyranno,
1811 790 1986 849 aliter
2027 809 2163 848 cum
2208 790 2403 849 amico

392 907 470 965 90
499 886 733 948 vivitur.
822 886 1012 947 Cuius
1046 894 1246 945 autem
1279 905 1456 946 aures
1485 887 1729 946 clausae
1759 887 1996 946 veritati
2027 898 2185 960 sunt,
2217 897 2281 946 ut
2326 888 2403 946 ab

501 985 694 1045 amico
722 1002 930 1044 verum
961 980 1169 1043 audire
1201 994 1482 1061 nequeat,
1501 985 1679 1043 huius
1703 985 1866 1043 salus
1885 984 2269 1061 desperanda
2291 995 2403 1044 est.

501 1083 729 1141 Scitum
785 1095 880 1142 est
925 1083 1083 1142 enim
1132 1081 1279 1139 illud
1333 1082 1604 1154 CatoniS,
1657 1091 1723 1140 ut
1781 1082 2003 1141 multa:
2075 1082 2289 1141 melius
2325 1082 2402 1140 de

499 1180 863 1258 quibusdam
893 1181 1147 1240 acerbos
1179 1178 1455 1237 inimicos
1499 1178 1731 1251 mereri,
1777 1196 1958 1254 quam
2003 1197 2109 1237 eos
2154 1179 2398 1252 amicos,

498 1278 600 1352 qui
657 1277 863 1336 dulces
917 1277 1238 1337 videantur
1257 1299 1275 1351 3
1346 1276 1483 1334 illos
1534 1293 1741 1333 verum
1791 1294 1973 1351 saepe
2018 1275 2236 1349 dicere,
2289 1277 2401 1343 hos

500 1393 844 1452 numquam.
932 1377 1134 1452 Atque
1164 1375 1314 1433 illud
1346 1372 1694 1444 absurdum,
1727 1371 1893 1447 quod
1921 1372 1993 1443 ei,
2026 1372 2130 1448 qui
2159 1391 2405 1431 monen-

498 1481 609 1545 tur,
650 1490 788 1530 eam
826 1472 1167 1531 molestiam
1210 1491 1389 1548 quam
1438 1469 1666 1528 debent
1710 1487 1926 1544 capere
1971 1488 2094 1527 non
2135 1469 2399 1545 capiunt,

496 1586 627 1628 eam
676 1571 924 1646 capiunt
978 1588 1100 1646 qua
1155 1569 1382 1628 debent
1439 1584 1673 1626 vacare.
1765 1566 2060 1625 Peccasse
2116 1566 2278 1623 enim
2335 1585 2403 1626 se

450 1732 458 1740 ,
497 1685 619 1725 non
659 1663 997 1745 anguntur,·
1018 1652 1322 1743 obiurgari
1371 1665 1628 1725 moleste
1677 1662 1880 1721 ferunt
1899 1683 1917 1735 3
1985 1661 2149 1738 quod
2191 1675 2404 1724 contra

496 1764 815 1840 oportebat
844 1763 1067 1822 delicto
1096 1762 1320 1834 dolere,
1353 1761 1731 1822 correctione
1763 1760 2048 1838 gaudere.

387 1880 459 1938 91
575 1862 772 1922 XXV.
857 1861 946 1921 Ut
975 1860 1155 1939 igitur
1181 1871 1243 1919 et
1285 1878 1531 1919 monere
1574 1869 1636 1919 et
1680 1856 1915 1917 moneri
1959 1857 2264 1934 proprium
2308 1869 2402 1918 est

494 1976 672 2018 verae
718 1958 1035 2031 amicitiae,
1086 1967 1157 2017 et·
1192 1957 1446 2018 alterum
1498 1957 1686 2018 libere
1732 1957 1952 2041 iacere,
1996 1974 2122 2015 non
2168 1974 2397 2032 aspere,

495 2056 747 2115 alterum
790 2056 1091 2133 patienter
1126 2056 1417 2131 accipere,
1449 2074 1572 2114 non
1604 2046 2030 2134 repugnanter,
2063 2055 2150 2115 sic
2177 2055 2401 2115 haben-

493 2153 637 2212 dum
666 2164 760 2213 est
789 2153 1014 2211 nullam
1047 2154 1107 2211 in
1138 2152 1415 2211 amicitiis
1445 2162 1678 2228 pestem
1709 2172 1846 2213 esse
1878 2154 2185 2227 maiorem,
2217 2173 2397 2230 quam

494 2250 902 2310 adulationem
945 2239 1302 2309 blanditiam
1347 2251 1870 2313 assentationem:
1929 2252 2206 2330 quamvis
2236 2251 2395 2310 enim

492 2348 695 2406 multis
751 2347 1095 2406 nominibus
1154 2359 1245 2406 est
1310 2349 1428 2407 hoc
1486 2349 1695 2409 vitium
1770 2351 2107 2411 notandum
2176 2349 2396 2408 levium

490 2444 800 2502 hominum
852 2456 1032 2520 atque
1076 2435 1409 2517 fallacium,
1459 2446 1537 2504 ad
1589 2448 1962 2526 voluptatem
2020 2446 2393 2524 loquentium

385 2560 453 2616 92
490 2540 709 2612 omnia,
741 2541 886 2599 nihil
920 2541 995 2599 ad
1027 2541 1357 2600 veritatem.
1453 2544 1608 2604 Cum
1641 2555 1843 2605 autem
1886 2546 2154 2604 omnium
2198 2562 2395 2603 rerum

490 2637 793 2697 simulatio
842 2637 1058 2696 vitiosa
1113 2650 1222 2711 est,
1277 2639 1436 2699 tollit
1493 2643 1653 2701 enim
1704 2643 1985 2701 iudicium
2037 2640 2162 2698 veri
2211 2626 2396 2716 idque

491 2736 807 2809 adulterat,
840 2744 965 2794 turn
998 2735 1298 2795 amicitiae
1344 2751 1642 2817 repugnat
1686 2740 1986 2811 maxime3
2041 2737 2206 2796 delet
2233 2735 2396 2795 enim

489 2833 820 2906 veritatem,
865 2832 995 2891 sine
1040 2853 1162 2910 qua
1207 2855 1430 2895 nomen
1463 2836 1760 2894 amicitiae
1791 2834 1992 2892 valere
2023 2852 2144 2891 non
2172 2842 2393 2909 potest.

492 2931 650 2989 Nam
680 2950 813 2989 cum
846 2930 1142 2990 amicitiae
1174 2933 1265 2991 vis
1297 2933 1372 2991 sit
1405 2933 1463 2990 in
1509 2950 1600 3003 e0,
1633 2941 1699 2990 ut
1740 2950 1897 2989 unus
1940 2930 2112 3008 quasi
2158 2929 2396 2989 animus

486 3026 592 3084 fiat
621 3044 696 3084 ex
724 3025 995 3103 pluribus
1019 3050 1036 3101 3
1079 3029 1179 3106 qui
1211 3030 1270 3087 id
1302 3030 1431 3087 fieri
1463 3029 1701 3104 poterit,
1728 3028 1779 3087 si
1810 3046 1886 3086 ne
1917 3028 1977 3086 in
2001 3046 2124 3086 uno
2148 3027 2392 3103 quidem

488 3142 729 3201 quoque
779 3144 935 3185 unus
969 3127 1205 3185 animus
1252 3126 1364 3185 erit
1410 3126 1694 3203 idemque
1739 3144 1996 3201 semper,
2043 3124 2152 3183 sed
2194 3122 2394 3181 varius

380 3239 452 3298 93
486 3222 929 3282 commutabilis
980 3222 1331 3297 multiplex?
1418 3222 1582 3296 Quid
1630 3223 1789 3280 enim
1835 3231 2038 3298 potest
2084 3238 2218 3279 esse
2269 3228 2394 3277 tam

484 3318 763 3392 flexibile,
798 3331 920 3379 tam
951 3320 1212 3392 devium,
1244 3339 1428 3396 quam
1460 3319 1695 3378 animus
1724 3320 1871 3392 eius,
1904 3317 2008 3396 qui
2038 3318 2116 3376 ad
2145 3314 2393 3376 alterius

486 3437 608 3475 non
630 3417 815 3476 modo
840 3435 1085 3475 sensum
1107 3434 1180 3474 ac
1198 3417 1594 3487 voluntatem,
1614 3414 1726 3474 sed
1754 3415 1934 3474 etiam
1954 3414 2184 3474 voltum
2207 3420 2392 3489 atque

488 3525 693 3574 nutum
728 3512 1137 3572 convertitur?
