<?xml version="1.0" encoding="UTF-8"?>
<!DOCTYPE html PUBLIC "-//W3C//DTD XHTML 1.0 Transitional//EN"
    "http://www.w3.org/TR/xhtml1/DTD/xhtml1-transitional.dtd">
<html xmlns="http://www.w3.org/1999/xhtml" xml:lang="en" lang="en">
 <head>
  <title>
</title>
<meta http-equiv="Content-Type" content="text/html;charset=utf-8" />
  <meta name='ocr-system' content='tesseract 3.04.00' />
  <meta name='ocr-capabilities' content='ocr_page ocr_carea ocr_par ocr_line ocrx_word'/>
</head>
<body>
  <div class='ocr_page' id='page_1' title='image "./catomaiordesene07cicegoog_0052.png"; bbox 0 0 2788 3999; ppageno 0'>
   <div class='ocr_carea' id='block_1_1' title="bbox 506 292 2405 375">
    <p class='ocr_par' dir='ltr' id='par_1_1' title="bbox 506 292 2405 375">
     <span class='ocr_line' id='line_1_1' title="bbox 506 292 2405 375; baseline 0.001 -18"><span class='ocrx_word' id='word_1_1' title='bbox 506 292 587 358; x_wconf 90' lang='lat'><strong>16</strong></span> <span class='ocrx_word' id='word_1_2' title='bbox 1173 306 1387 360; x_wconf 82' lang='lat' dir='ltr'>CATO</span> <span class='ocrx_word' id='word_1_3' title='bbox 1442 305 1714 359; x_wconf 80' lang='lat' dir='ltr'><strong>MAloR</strong></span> <span class='ocrx_word' id='word_1_4' title='bbox 2167 305 2306 373; x_wconf 76' lang='lat' dir='ltr'><strong>[xl.</strong></span> <span class='ocrx_word' id='word_1_5' title='bbox 2335 308 2405 375; x_wconf 80' lang='lat'><strong>38</strong></span> 
     </span>
    </p>
   </div>
   <div class='ocr_carea' id='block_1_2' title="bbox 385 474 2480 3588">
    <p class='ocr_par' dir='ltr' id='par_1_2' title="bbox 391 474 2480 2798">
     <span class='ocr_line' id='line_1_2' title="bbox 391 474 2405 558; baseline -0 -19"><span class='ocrx_word' id='word_1_6' title='bbox 391 483 463 558; x_wconf 79' lang='lat'><strong>38</strong></span> <span class='ocrx_word' id='word_1_7' title='bbox 495 490 556 539; x_wconf 92' lang='lat' dir='ltr'><strong>et</strong></span> <span class='ocrx_word' id='word_1_8' title='bbox 585 478 928 555; x_wconf 87' lang='lat' dir='ltr'><strong>disciplina.</strong></span> <span class='ocrx_word' id='word_1_9' title='bbox 1015 479 1109 538; x_wconf 89' lang='lat' dir='ltr'><strong>Ita</strong></span> <span class='ocrx_word' id='word_1_10' title='bbox 1141 478 1301 537; x_wconf 90' lang='lat' dir='ltr'><strong>enim</strong></span> <span class='ocrx_word' id='word_1_11' title='bbox 1333 488 1617 537; x_wconf 90' lang='lat' dir='ltr'><strong>senectus</strong></span> <span class='ocrx_word' id='word_1_12' title='bbox 1647 477 1908 536; x_wconf 91' lang='lat' dir='ltr'><strong>honesta</strong></span> <span class='ocrx_word' id='word_1_13' title='bbox 1936 485 2048 549; x_wconf 89' lang='lat' dir='ltr'><strong>est,</strong></span> <span class='ocrx_word' id='word_1_14' title='bbox 2081 474 2134 535; x_wconf 88' lang='lat' dir='ltr'><strong>si</strong></span> <span class='ocrx_word' id='word_1_15' title='bbox 2162 493 2228 535; x_wconf 92' lang='lat' dir='ltr'><strong>se</strong></span> <span class='ocrx_word' id='word_1_16' title='bbox 2272 476 2405 554; x_wconf 85' lang='lat' dir='ltr'><strong>ipsa</strong></span> 
     </span>
     <span class='ocr_line' id='line_1_3' title="bbox 493 573 2393 651; baseline -0.002 -14"><span class='ocrx_word' id='word_1_17' title='bbox 493 576 786 650; x_wconf 83' lang='lat' dir='ltr'><strong>defendit,</strong></span> <span class='ocrx_word' id='word_1_18' title='bbox 820 576 872 635; x_wconf 88' lang='lat' dir='ltr'><strong>si</strong></span> <span class='ocrx_word' id='word_1_19' title='bbox 902 575 994 635; x_wconf 90' lang='lat' dir='ltr'><strong>ius</strong></span> <span class='ocrx_word' id='word_1_20' title='bbox 1024 594 1199 634; x_wconf 90' lang='lat' dir='ltr'><strong>suum</strong></span> <span class='ocrx_word' id='word_1_21' title='bbox 1230 575 1466 647; x_wconf 90' lang='lat' dir='ltr'><strong>retinet,</strong></span> <span class='ocrx_word' id='word_1_22' title='bbox 1499 573 1552 633; x_wconf 91' lang='lat' dir='ltr'><strong>si</strong></span> <span class='ocrx_word' id='word_1_23' title='bbox 1595 573 1822 633; x_wconf 90' lang='lat' dir='ltr'><strong>nemini</strong></span> <span class='ocrx_word' id='word_1_24' title='bbox 1864 573 2248 651; x_wconf 90' lang='lat' dir='ltr'><strong>emancipata</strong></span> <span class='ocrx_word' id='word_1_25' title='bbox 2290 584 2393 650; x_wconf 55' lang='lat' dir='ltr'><strong>est,</strong></span> 
     </span>
     <span class='ocr_line' id='line_1_4' title="bbox 492 670 2405 751; baseline -0.002 -17"><span class='ocrx_word' id='word_1_26' title='bbox 492 675 543 735; x_wconf 89' lang='lat' dir='ltr'><strong>si</strong></span> <span class='ocrx_word' id='word_1_27' title='bbox 572 691 766 751; x_wconf 92' lang='lat' dir='ltr'><strong>usque</strong></span> <span class='ocrx_word' id='word_1_28' title='bbox 810 672 889 731; x_wconf 90' lang='lat' dir='ltr'><strong>ad</strong></span> <span class='ocrx_word' id='word_1_29' title='bbox 932 671 1205 731; x_wconf 90' lang='lat' dir='ltr'><strong>ultimum</strong></span> <span class='ocrx_word' id='word_1_30' title='bbox 1250 671 1525 748; x_wconf 90' lang='lat' dir='ltr'><strong>spiritum</strong></span> <span class='ocrx_word' id='word_1_31' title='bbox 1572 670 1915 731; x_wconf 87' lang='lat' dir='ltr'><strong>dominatur</strong></span> <span class='ocrx_word' id='word_1_32' title='bbox 1959 670 2021 729; x_wconf 91' lang='lat' dir='ltr'><strong>in</strong></span> <span class='ocrx_word' id='word_1_33' title='bbox 2068 689 2231 730; x_wconf 82' lang='lat' dir='ltr'><strong>suos.</strong></span> <span class='ocrx_word' id='word_1_34' title='bbox 2316 671 2405 733; x_wconf 90' lang='lat' dir='ltr'><strong>Ut</strong></span> 
     </span>
     <span class='ocr_line' id='line_1_5' title="bbox 491 767 2405 848; baseline -0.002 -17"><span class='ocrx_word' id='word_1_35' title='bbox 491 773 652 831; x_wconf 91' lang='lat' dir='ltr'><strong>enim</strong></span> <span class='ocrx_word' id='word_1_36' title='bbox 681 770 1132 831; x_wconf 85' lang='lat' dir='ltr'><strong>adulescentem</strong></span> <span class='ocrx_word' id='word_1_37' title='bbox 1164 770 1227 828; x_wconf 90' lang='lat' dir='ltr'><strong>in</strong></span> <span class='ocrx_word' id='word_1_38' title='bbox 1257 788 1379 848; x_wconf 91' lang='lat' dir='ltr'><strong>quo</strong></span> <span class='ocrx_word' id='word_1_39' title='bbox 1410 778 1505 829; x_wconf 93' lang='lat' dir='ltr'><strong>est</strong></span> <span class='ocrx_word' id='word_1_40' title='bbox 1546 768 1738 829; x_wconf 90' lang='lat' dir='ltr'><strong>senile</strong></span> <span class='ocrx_word' id='word_1_41' title='bbox 1782 767 2031 845; x_wconf 88' lang='lat' dir='ltr'><strong>aliquid,</strong></span> <span class='ocrx_word' id='word_1_42' title='bbox 2061 769 2152 828; x_wconf 92' lang='lat' dir='ltr'><strong>sic</strong></span> <span class='ocrx_word' id='word_1_43' title='bbox 2193 787 2405 828; x_wconf 90' lang='lat' dir='ltr'><strong>senem</strong></span> 
     </span>
     <span class='ocr_line' id='line_1_6' title="bbox 493 865 2401 947; baseline -0.003 -17"><span class='ocrx_word' id='word_1_44' title='bbox 493 869 553 931; x_wconf 89' lang='lat' dir='ltr'><strong>in</strong></span> <span class='ocrx_word' id='word_1_45' title='bbox 583 888 705 947; x_wconf 91' lang='lat' dir='ltr'><strong>quo</strong></span> <span class='ocrx_word' id='word_1_46' title='bbox 734 879 825 928; x_wconf 94' lang='lat' dir='ltr'><strong>est</strong></span> <span class='ocrx_word' id='word_1_47' title='bbox 855 867 1085 946; x_wconf 88' lang='lat' dir='ltr'><strong>aliquid</strong></span> <span class='ocrx_word' id='word_1_48' title='bbox 1116 866 1528 927; x_wconf 88' lang='lat' dir='ltr'><strong>adulescentis</strong></span> <span class='ocrx_word' id='word_1_49' title='bbox 1558 866 1771 944; x_wconf 90' lang='lat' dir='ltr'><strong>prob0,</strong></span> <span class='ocrx_word' id='word_1_50' title='bbox 1797 865 1962 944; x_wconf 93' lang='lat' dir='ltr'><strong>quod</strong></span> <span class='ocrx_word' id='word_1_51' title='bbox 1986 866 2090 944; x_wconf 91' lang='lat' dir='ltr'><strong>qui</strong></span> <span class='ocrx_word' id='word_1_52' title='bbox 2114 866 2401 944; x_wconf 91' lang='lat' dir='ltr'><strong>sequitur,</strong></span> 
     </span>
     <span class='ocr_line' id='line_1_7' title="bbox 489 963 2405 1045; baseline -0.002 -18"><span class='ocrx_word' id='word_1_53' title='bbox 489 985 743 1044; x_wconf 91' lang='lat' dir='ltr'><strong>corpore</strong></span> <span class='ocrx_word' id='word_1_54' title='bbox 772 984 965 1026; x_wconf 81' lang='lat' dir='ltr'><strong>senex</strong></span> <span class='ocrx_word' id='word_1_55' title='bbox 989 983 1126 1024; x_wconf 92' lang='lat' dir='ltr'><strong>esse</strong></span> <span class='ocrx_word' id='word_1_56' title='bbox 1155 964 1396 1042; x_wconf 91' lang='lat' dir='ltr'><strong>poterit,</strong></span> <span class='ocrx_word' id='word_1_57' title='bbox 1429 963 1631 1045; x_wconf 88' lang='lat' dir='ltr'><strong>animo</strong></span> <span class='ocrx_word' id='word_1_58' title='bbox 1673 982 1999 1040; x_wconf 88' lang='lat' dir='ltr'><strong>numquam</strong></span> <span class='ocrx_word' id='word_1_59' title='bbox 2043 963 2174 1023; x_wconf 92' lang='lat' dir='ltr'><strong>erit.</strong></span> <span class='ocrx_word' id='word_1_60' title='bbox 2261 964 2405 1042; x_wconf 89' lang='lat' dir='ltr'><strong>Sep-</strong></span> 
     </span>
     <span class='ocr_line' id='line_1_8' title="bbox 491 1060 2406 1140; baseline -0.002 -16"><span class='ocrx_word' id='word_1_61' title='bbox 491 1065 673 1125; x_wconf 89' lang='lat' dir='ltr'><strong>timus</strong></span> <span class='ocrx_word' id='word_1_62' title='bbox 742 1062 888 1123; x_wconf 92' lang='lat' dir='ltr'><strong>mihi</strong></span> <span class='ocrx_word' id='word_1_63' title='bbox 960 1063 1114 1123; x_wconf 90' lang='lat' dir='ltr'><strong>liber</strong></span> <span class='ocrx_word' id='word_1_64' title='bbox 1170 1061 1487 1140; x_wconf 88' lang='lat' dir='ltr'><strong>Originum</strong></span> <span class='ocrx_word' id='word_1_65' title='bbox 1545 1070 1640 1121; x_wconf 91' lang='lat' dir='ltr'><strong>est</strong></span> <span class='ocrx_word' id='word_1_66' title='bbox 1694 1060 1755 1120; x_wconf 89' lang='lat' dir='ltr'><strong>in</strong></span> <span class='ocrx_word' id='word_1_67' title='bbox 1815 1060 2130 1136; x_wconf 76' lang='lat' dir='ltr'><strong>manibus3</strong></span> <span class='ocrx_word' id='word_1_68' title='bbox 2198 1061 2406 1121; x_wconf 88' lang='lat' dir='ltr'><strong>omnia</strong></span> 
     </span>
     <span class='ocr_line' id='line_1_9' title="bbox 492 1155 2401 1237; baseline -0.001 -19"><span class='ocrx_word' id='word_1_69' title='bbox 492 1158 870 1237; x_wconf 90' lang='lat' dir='ltr'><strong>antiquitatis</strong></span> <span class='ocrx_word' id='word_1_70' title='bbox 924 1167 1321 1217; x_wconf 87' lang='lat' dir='ltr'><strong>monumenta</strong></span> <span class='ocrx_word' id='word_1_71' title='bbox 1369 1155 1635 1233; x_wconf 85' lang='lat' dir='ltr'><strong>collig03</strong></span> <span class='ocrx_word' id='word_1_72' title='bbox 1689 1174 2007 1215; x_wconf 91' lang='lat' dir='ltr'><strong>causarum</strong></span> <span class='ocrx_word' id='word_1_73' title='bbox 2062 1156 2401 1230; x_wconf 89' lang='lat' dir='ltr'><strong>illustrium,</strong></span> 
     </span>
     <span class='ocr_line' id='line_1_10' title="bbox 491 1253 2403 1335; baseline -0.001 -20"><span class='ocrx_word' id='word_1_74' title='bbox 491 1275 886 1335; x_wconf 89' lang='lat' dir='ltr'><strong>quascunque</strong></span> <span class='ocrx_word' id='word_1_75' title='bbox 935 1254 1201 1330; x_wconf 83' lang='lat' dir='ltr'><strong>defendi,</strong></span> <span class='ocrx_word' id='word_1_76' title='bbox 1251 1273 1413 1315; x_wconf 91' lang='lat' dir='ltr'><strong>nunc</strong></span> <span class='ocrx_word' id='word_1_77' title='bbox 1463 1272 1599 1313; x_wconf 88' lang='lat' dir='ltr'><strong>cum</strong></span> <span class='ocrx_word' id='word_1_78' title='bbox 1650 1253 1909 1312; x_wconf 83' lang='lat' dir='ltr'><strong>maxime</strong></span> <span class='ocrx_word' id='word_1_79' title='bbox 1960 1253 2218 1313; x_wconf 88' lang='lat' dir='ltr'><strong>conficio</strong></span> <span class='ocrx_word' id='word_1_80' title='bbox 2268 1273 2403 1314; x_wconf 91' lang='lat' dir='ltr'><strong>ora-</strong></span> 
     </span>
     <span class='ocr_line' id='line_1_11' title="bbox 491 1351 2403 1432; baseline -0.001 -17"><span class='ocrx_word' id='word_1_81' title='bbox 491 1356 730 1430; x_wconf 89' lang='lat' dir='ltr'><strong>tiones;</strong></span> <span class='ocrx_word' id='word_1_82' title='bbox 770 1356 863 1415; x_wconf 90' lang='lat' dir='ltr'><strong>ius</strong></span> <span class='ocrx_word' id='word_1_83' title='bbox 907 1353 1219 1432; x_wconf 88' lang='lat' dir='ltr'><strong>augurium</strong></span> <span class='ocrx_word' id='word_1_84' title='bbox 1259 1352 1636 1431; x_wconf 88' lang='lat' dir='ltr'><strong>pontificium</strong></span> <span class='ocrx_word' id='word_1_85' title='bbox 1667 1351 1842 1411; x_wconf 92' lang='lat' dir='ltr'><strong>civile</strong></span> <span class='ocrx_word' id='word_1_86' title='bbox 1872 1352 2403 1427; x_wconf 76' lang='lat' dir='ltr'><strong>tract03-multum</strong></span> 
     </span>
     <span class='ocr_line' id='line_1_12' title="bbox 491 1449 2400 1529; baseline -0.001 -17"><span class='ocrx_word' id='word_1_87' title='bbox 491 1453 675 1512; x_wconf 88' lang='lat' dir='ltr'><strong>etiam</strong></span> <span class='ocrx_word' id='word_1_88' title='bbox 733 1453 986 1512; x_wconf 90' lang='lat' dir='ltr'><strong>Graecis</strong></span> <span class='ocrx_word' id='word_1_89' title='bbox 1041 1451 1257 1512; x_wconf 91' lang='lat' dir='ltr'><strong>litteris</strong></span> <span class='ocrx_word' id='word_1_90' title='bbox 1312 1461 1469 1525; x_wconf 91' lang='lat' dir='ltr'><strong>utor,</strong></span> <span class='ocrx_word' id='word_1_91' title='bbox 1534 1449 2176 1529; x_wconf 84' lang='lat' dir='ltr'><strong>Pythagoriorumque·</strong></span> <span class='ocrx_word' id='word_1_92' title='bbox 2214 1469 2400 1526; x_wconf 90' lang='lat' dir='ltr'><strong>more,</strong></span> 
     </span>
     <span class='ocr_line' id='line_1_13' title="bbox 490 1547 2402 1628; baseline -0.001 -17"><span class='ocrx_word' id='word_1_93' title='bbox 490 1550 866 1612; x_wconf 81' lang='lat' dir='ltr'><strong>exercendae</strong></span> <span class='ocrx_word' id='word_1_94' title='bbox 902 1549 1228 1609; x_wconf 87' lang='lat' dir='ltr'><strong>memoriae</strong></span> <span class='ocrx_word' id='word_1_95' title='bbox 1269 1549 1484 1628; x_wconf 88' lang='lat' dir='ltr'><strong>gratia,</strong></span> <span class='ocrx_word' id='word_1_96' title='bbox 1528 1547 1674 1625; x_wconf 90' lang='lat' dir='ltr'><strong>quid</strong></span> <span class='ocrx_word' id='word_1_97' title='bbox 1718 1565 1961 1624; x_wconf 92' lang='lat' dir='ltr'><strong>quoque</strong></span> <span class='ocrx_word' id='word_1_98' title='bbox 2004 1547 2104 1607; x_wconf 93' lang='lat' dir='ltr'><strong>die</strong></span> <span class='ocrx_word' id='word_1_99' title='bbox 2147 1547 2402 1612; x_wconf 84' lang='lat' dir='ltr'><strong>dixerim</strong></span> 
     </span>
     <span class='ocr_line' id='line_1_14' title="bbox 491 1644 2402 1726; baseline -0.001 -20"><span class='ocrx_word' id='word_1_100' title='bbox 491 1648 781 1707; x_wconf 88' lang='lat' dir='ltr'><strong>audierim</strong></span> <span class='ocrx_word' id='word_1_101' title='bbox 814 1647 1040 1726; x_wconf 86' lang='lat' dir='ltr'><strong>egerim</strong></span> <span class='ocrx_word' id='word_1_102' title='bbox 1071 1665 1482 1706; x_wconf 86' lang='lat' dir='ltr'><strong>commemoro</strong></span> <span class='ocrx_word' id='word_1_103' title='bbox 1504 1644 1760 1722; x_wconf 87' lang='lat' dir='ltr'><strong>vesperi.</strong></span> <span class='ocrx_word' id='word_1_104' title='bbox 1836 1644 1977 1704; x_wconf 88' lang='lat' dir='ltr'><strong>Hae</strong></span> <span class='ocrx_word' id='word_1_105' title='bbox 2008 1654 2152 1704; x_wconf 90' lang='lat' dir='ltr'><strong>sunt</strong></span> <span class='ocrx_word' id='word_1_106' title='bbox 2180 1646 2402 1705; x_wconf 83' lang='lat' dir='ltr'><strong>exerci-</strong></span> 
     </span>
     <span class='ocr_line' id='line_1_15' title="bbox 490 1741 2399 1822; baseline -0.001 -18"><span class='ocrx_word' id='word_1_107' title='bbox 490 1745 754 1804; x_wconf 84' lang='lat' dir='ltr'><strong>tationes</strong></span> <span class='ocrx_word' id='word_1_108' title='bbox 785 1744 1005 1822; x_wconf 89' lang='lat' dir='ltr'><strong>ingeni,</strong></span> <span class='ocrx_word' id='word_1_109' title='bbox 1038 1744 1191 1803; x_wconf 89' lang='lat' dir='ltr'><strong>haec</strong></span> <span class='ocrx_word' id='word_1_110' title='bbox 1220 1743 1517 1802; x_wconf 91' lang='lat' dir='ltr'><strong>curricula</strong></span> <span class='ocrx_word' id='word_1_111' title='bbox 1546 1742 1765 1801; x_wconf 90' lang='lat' dir='ltr'><strong>mentis</strong></span> <span class='ocrx_word' id='word_1_112' title='bbox 1790 1764 1810 1816; x_wconf 81' lang='lat'>3</span> <span class='ocrx_word' id='word_1_113' title='bbox 1849 1742 1910 1801; x_wconf 90' lang='lat' dir='ltr'><strong>in</strong></span> <span class='ocrx_word' id='word_1_114' title='bbox 1947 1741 2041 1802; x_wconf 91' lang='lat' dir='ltr'><strong>his</strong></span> <span class='ocrx_word' id='word_1_115' title='bbox 2084 1742 2399 1803; x_wconf 87' lang='lat' dir='ltr'><strong>desudans</strong></span> 
     </span>
     <span class='ocr_line' id='line_1_16' title="bbox 491 1839 2480 1918; baseline -0.001 -17"><span class='ocrx_word' id='word_1_116' title='bbox 491 1851 673 1918; x_wconf 89' lang='lat' dir='ltr'><strong>atque</strong></span> <span class='ocrx_word' id='word_1_117' title='bbox 708 1841 1033 1901; x_wconf 87' lang='lat' dir='ltr'><strong>elaborans</strong></span> <span class='ocrx_word' id='word_1_118' title='bbox 1077 1840 1349 1917; x_wconf 89' lang='lat' dir='ltr'><strong>corporis</strong></span> <span class='ocrx_word' id='word_1_119' title='bbox 1377 1839 1522 1899; x_wconf 89' lang='lat' dir='ltr'><strong>viris</strong></span> <span class='ocrx_word' id='word_1_120' title='bbox 1572 1859 1696 1898; x_wconf 91' lang='lat' dir='ltr'><strong>non</strong></span> <span class='ocrx_word' id='word_1_121' title='bbox 1744 1859 1965 1918; x_wconf 88' lang='lat' dir='ltr'><strong>magno</strong></span> <span class='ocrx_word' id='word_1_122' title='bbox 2011 1858 2197 1917; x_wconf 89' lang='lat' dir='ltr'><strong>opere</strong></span> <span class='ocrx_word' id='word_1_123' title='bbox 2240 1840 2400 1900; x_wconf 88' lang='lat' dir='ltr'><strong>desi·</strong></span> <span class='ocrx_word' id='word_1_124' title='bbox 2473 1847 2480 1853; x_wconf 84' lang='lat'><em>&#39;</em></span> 
     </span>
     <span class='ocr_line' id='line_1_17' title="bbox 490 1937 2400 2016; baseline 0.001 -19"><span class='ocrx_word' id='word_1_125' title='bbox 490 1938 656 1999; x_wconf 91' lang='lat' dir='ltr'><strong>dero.</strong></span> <span class='ocrx_word' id='word_1_126' title='bbox 742 1939 976 1998; x_wconf 88' lang='lat' dir='ltr'><strong>Adsum</strong></span> <span class='ocrx_word' id='word_1_127' title='bbox 1021 1937 1248 2012; x_wconf 90' lang='lat' dir='ltr'><strong>amicis,</strong></span> <span class='ocrx_word' id='word_1_128' title='bbox 1279 1937 1458 1996; x_wconf 90' lang='lat' dir='ltr'><strong>venio</strong></span> <span class='ocrx_word' id='word_1_129' title='bbox 1502 1937 1564 1995; x_wconf 91' lang='lat' dir='ltr'><strong>in</strong></span> <span class='ocrx_word' id='word_1_130' title='bbox 1594 1948 1870 1997; x_wconf 88' lang='lat' dir='ltr'><strong>senatum</strong></span> <span class='ocrx_word' id='word_1_131' title='bbox 1899 1938 2188 2016; x_wconf 84' lang='lat' dir='ltr'><strong>frequens</strong></span> <span class='ocrx_word' id='word_1_132' title='bbox 2217 1938 2400 1999; x_wconf 92' lang='lat' dir='ltr'><strong>ultro-</strong></span> 
     </span>
     <span class='ocr_line' id='line_1_18' title="bbox 489 2034 2400 2114; baseline 0.002 -20"><span class='ocrx_word' id='word_1_133' title='bbox 489 2054 607 2113; x_wconf 90' lang='lat' dir='ltr'><strong>que</strong></span> <span class='ocrx_word' id='word_1_134' title='bbox 658 2035 848 2094; x_wconf 87' lang='lat' dir='ltr'><strong>affero</strong></span> <span class='ocrx_word' id='word_1_135' title='bbox 898 2053 995 2095; x_wconf 88' lang='lat' dir='ltr'><strong>res</strong></span> <span class='ocrx_word' id='word_1_136' title='bbox 1040 2036 1289 2096; x_wconf 87' lang='lat' dir='ltr'><strong>multum</strong></span> <span class='ocrx_word' id='word_1_137' title='bbox 1340 2045 1403 2095; x_wconf 91' lang='lat' dir='ltr'><strong>et</strong></span> <span class='ocrx_word' id='word_1_138' title='bbox 1451 2034 1555 2093; x_wconf 90' lang='lat' dir='ltr'><strong>diu</strong></span> <span class='ocrx_word' id='word_1_139' title='bbox 1603 2035 1902 2114; x_wconf 90' lang='lat' dir='ltr'><strong>cogitatas</strong></span> <span class='ocrx_word' id='word_1_140' title='bbox 1950 2054 2177 2114; x_wconf 88' lang='lat' dir='ltr'><strong>easque</strong></span> <span class='ocrx_word' id='word_1_141' title='bbox 2224 2046 2400 2098; x_wconf 91' lang='lat' dir='ltr'><strong>tueor</strong></span> 
     </span>
     <span class='ocr_line' id='line_1_19' title="bbox 490 2132 2394 2213; baseline 0.002 -21"><span class='ocrx_word' id='word_1_142' title='bbox 490 2133 693 2206; x_wconf 91' lang='lat' dir='ltr'><strong>animi,</strong></span> <span class='ocrx_word' id='word_1_143' title='bbox 726 2151 848 2192; x_wconf 90' lang='lat' dir='ltr'><strong>non</strong></span> <span class='ocrx_word' id='word_1_144' title='bbox 878 2133 1146 2208; x_wconf 88' lang='lat' dir='ltr'><strong>corporis</strong></span> <span class='ocrx_word' id='word_1_145' title='bbox 1176 2133 1420 2192; x_wconf 89' lang='lat' dir='ltr'><strong>viribus.</strong></span> <span class='ocrx_word' id='word_1_146' title='bbox 1497 2132 1668 2207; x_wconf 90' lang='lat' dir='ltr'><strong>Quas</strong></span> <span class='ocrx_word' id='word_1_147' title='bbox 1698 2133 1750 2192; x_wconf 92' lang='lat' dir='ltr'><strong>si</strong></span> <span class='ocrx_word' id='word_1_148' title='bbox 1780 2135 2031 2212; x_wconf 87' lang='lat' dir='ltr'><strong>exsequi</strong></span> <span class='ocrx_word' id='word_1_149' title='bbox 2063 2136 2394 2213; x_wconf 89' lang='lat' dir='ltr'><strong>nequirem,</strong></span> 
     </span>
     <span class='ocr_line' id='line_1_20' title="bbox 490 2229 2393 2311; baseline 0.002 -22"><span class='ocrx_word' id='word_1_150' title='bbox 490 2240 695 2290; x_wconf 90' lang='lat' dir='ltr'><strong>tamen</strong></span> <span class='ocrx_word' id='word_1_151' title='bbox 725 2248 822 2289; x_wconf 92' lang='lat' dir='ltr'><strong>me</strong></span> <span class='ocrx_word' id='word_1_152' title='bbox 853 2229 1108 2289; x_wconf 90' lang='lat' dir='ltr'><strong>lectulus</strong></span> <span class='ocrx_word' id='word_1_153' title='bbox 1139 2248 1308 2289; x_wconf 91' lang='lat' dir='ltr'><strong>meus</strong></span> <span class='ocrx_word' id='word_1_154' title='bbox 1339 2230 1676 2290; x_wconf 91' lang='lat' dir='ltr'><strong>oblectaret</strong></span> <span class='ocrx_word' id='word_1_155' title='bbox 1707 2249 1782 2290; x_wconf 90' lang='lat' dir='ltr'><strong>ea</strong></span> <span class='ocrx_word' id='word_1_156' title='bbox 1825 2231 1961 2309; x_wconf 91' lang='lat' dir='ltr'><strong>ipsa</strong></span> <span class='ocrx_word' id='word_1_157' title='bbox 2003 2233 2393 2311; x_wconf 87' lang='lat' dir='ltr'><strong>cogitantem,</strong></span> 
     </span>
     <span class='ocr_line' id='line_1_21' title="bbox 491 2328 2398 2407; baseline 0.002 -20"><span class='ocrx_word' id='word_1_158' title='bbox 491 2346 646 2405; x_wconf 91' lang='lat' dir='ltr'><strong>quae</strong></span> <span class='ocrx_word' id='word_1_159' title='bbox 689 2328 808 2387; x_wconf 91' lang='lat' dir='ltr'><strong>iam</strong></span> <span class='ocrx_word' id='word_1_160' title='bbox 852 2346 1030 2405; x_wconf 90' lang='lat' dir='ltr'><strong>agere</strong></span> <span class='ocrx_word' id='word_1_161' title='bbox 1075 2348 1199 2387; x_wconf 91' lang='lat' dir='ltr'><strong>non</strong></span> <span class='ocrx_word' id='word_1_162' title='bbox 1241 2346 1528 2406; x_wconf 83' lang='lat' dir='ltr'><strong>possem3</strong></span> <span class='ocrx_word' id='word_1_163' title='bbox 1569 2328 1679 2387; x_wconf 89' lang='lat' dir='ltr'><strong>sed</strong></span> <span class='ocrx_word' id='word_1_164' title='bbox 1722 2339 1787 2389; x_wconf 92' lang='lat' dir='ltr'><strong>ut</strong></span> <span class='ocrx_word' id='word_1_165' title='bbox 1822 2330 2050 2407; x_wconf 89' lang='lat' dir='ltr'><strong>possim</strong></span> <span class='ocrx_word' id='word_1_166' title='bbox 2080 2331 2227 2391; x_wconf 86' lang='lat' dir='ltr'><strong>facit</strong></span> <span class='ocrx_word' id='word_1_167' title='bbox 2258 2341 2398 2391; x_wconf 91' lang='lat' dir='ltr'><strong>acta</strong></span> 
     </span>
     <span class='ocr_line' id='line_1_22' title="bbox 489 2426 2396 2504; baseline 0.002 -19"><span class='ocrx_word' id='word_1_168' title='bbox 489 2426 633 2485; x_wconf 88' lang='lat' dir='ltr'><strong>vita.</strong></span> <span class='ocrx_word' id='word_1_169' title='bbox 719 2427 971 2504; x_wconf 91' lang='lat' dir='ltr'><strong>Semper</strong></span> <span class='ocrx_word' id='word_1_170' title='bbox 1011 2426 1265 2486; x_wconf 90' lang='lat' dir='ltr'><strong>enimin</strong></span> <span class='ocrx_word' id='word_1_171' title='bbox 1295 2426 1389 2485; x_wconf 91' lang='lat' dir='ltr'><strong>his</strong></span> <span class='ocrx_word' id='word_1_172' title='bbox 1434 2426 1649 2486; x_wconf 90' lang='lat' dir='ltr'><strong>studiis</strong></span> <span class='ocrx_word' id='word_1_173' title='bbox 1693 2426 2126 2504; x_wconf 88' lang='lat' dir='ltr'><strong>laboribusque</strong></span> <span class='ocrx_word' id='word_1_174' title='bbox 2169 2427 2396 2488; x_wconf 90' lang='lat' dir='ltr'><strong>viventi</strong></span> 
     </span>
     <span class='ocr_line' id='line_1_23' title="bbox 490 2523 2395 2602; baseline 0 -18"><span class='ocrx_word' id='word_1_175' title='bbox 490 2543 612 2584; x_wconf 90' lang='lat' dir='ltr'><strong>non</strong></span> <span class='ocrx_word' id='word_1_176' title='bbox 662 2523 1026 2602; x_wconf 88' lang='lat' dir='ltr'><strong>intellegitur</strong></span> <span class='ocrx_word' id='word_1_177' title='bbox 1074 2524 1322 2601; x_wconf 90' lang='lat' dir='ltr'><strong>quando</strong></span> <span class='ocrx_word' id='word_1_178' title='bbox 1373 2524 1628 2601; x_wconf 90' lang='lat' dir='ltr'><strong>obrepat</strong></span> <span class='ocrx_word' id='word_1_179' title='bbox 1669 2534 1990 2585; x_wconf 89' lang='lat' dir='ltr'><strong>senectus:</strong></span> <span class='ocrx_word' id='word_1_180' title='bbox 2041 2525 2126 2584; x_wconf 88' lang='lat' dir='ltr'><strong>ita</strong></span> <span class='ocrx_word' id='word_1_181' title='bbox 2167 2525 2395 2585; x_wconf 89' lang='lat' dir='ltr'><strong>sensim</strong></span> 
     </span>
     <span class='ocr_line' id='line_1_24' title="bbox 490 2621 2397 2702; baseline 0.002 -22"><span class='ocrx_word' id='word_1_182' title='bbox 490 2621 619 2681; x_wconf 90' lang='lat' dir='ltr'><strong>sine</strong></span> <span class='ocrx_word' id='word_1_183' title='bbox 678 2640 860 2681; x_wconf 89' lang='lat' dir='ltr'><strong>sensu</strong></span> <span class='ocrx_word' id='word_1_184' title='bbox 927 2631 1096 2681; x_wconf 90' lang='lat' dir='ltr'><strong>aetas</strong></span> <span class='ocrx_word' id='word_1_185' title='bbox 1152 2621 1418 2681; x_wconf 89' lang='lat' dir='ltr'><strong>senescit</strong></span> <span class='ocrx_word' id='word_1_186' title='bbox 1480 2641 1593 2682; x_wconf 90' lang='lat' dir='ltr'><strong>nec</strong></span> <span class='ocrx_word' id='word_1_187' title='bbox 1649 2622 1854 2682; x_wconf 91' lang='lat' dir='ltr'><strong>subito</strong></span> <span class='ocrx_word' id='word_1_188' title='bbox 1909 2623 2225 2702; x_wconf 83' lang='lat' dir='ltr'><strong>frangitur,</strong></span> <span class='ocrx_word' id='word_1_189' title='bbox 2283 2623 2397 2683; x_wconf 90' lang='lat' dir='ltr'><strong>sed</strong></span> 
     </span>
     <span class='ocr_line' id='line_1_25' title="bbox 489 2719 1323 2798; baseline -0.001 -21"><span class='ocrx_word' id='word_1_190' title='bbox 489 2719 878 2779; x_wconf 88' lang='lat' dir='ltr'><strong>diuturnitate</strong></span> <span class='ocrx_word' id='word_1_191' title='bbox 906 2719 1323 2798; x_wconf 83' lang='lat' dir='ltr'><strong>exstinguitur.</strong></span> 
     </span>
    </p>

    <p class='ocr_par' dir='ltr' id='par_1_3' title="bbox 385 2816 2397 3588">
     <span class='ocr_line' id='line_1_26' title="bbox 385 2816 2395 2895; baseline 0.002 -20"><span class='ocrx_word' id='word_1_192' title='bbox 385 2837 458 2895; x_wconf 84' lang='lat'><strong>39</strong></span> <span class='ocrx_word' id='word_1_193' title='bbox 568 2817 719 2877; x_wconf 92' lang='lat' dir='ltr'>XII.</span> <span class='ocrx_word' id='word_1_194' title='bbox 818 2817 1101 2894; x_wconf 88' lang='lat' dir='ltr'><strong>Sequitur</strong></span> <span class='ocrx_word' id='word_1_195' title='bbox 1155 2818 1337 2877; x_wconf 90' lang='lat' dir='ltr'><strong>tertia</strong></span> <span class='ocrx_word' id='word_1_196' title='bbox 1392 2817 1758 2895; x_wconf 89' lang='lat' dir='ltr'><strong>vituperatio</strong></span> <span class='ocrx_word' id='word_1_197' title='bbox 1817 2818 2166 2891; x_wconf 79' lang='lat' dir='ltr'><strong>senectutiS‚</strong></span> <span class='ocrx_word' id='word_1_198' title='bbox 2228 2816 2395 2895; x_wconf 87' lang='lat' dir='ltr'><strong>quod</strong></span> 
     </span>
     <span class='ocr_line' id='line_1_27' title="bbox 488 2914 2396 2993; baseline 0.001 -19"><span class='ocrx_word' id='word_1_199' title='bbox 488 2933 622 2974; x_wconf 91' lang='lat' dir='ltr'><strong>eam</strong></span> <span class='ocrx_word' id='word_1_200' title='bbox 655 2932 858 2973; x_wconf 88' lang='lat' dir='ltr'><strong>carere</strong></span> <span class='ocrx_word' id='word_1_201' title='bbox 887 2914 1095 2974; x_wconf 89' lang='lat' dir='ltr'><strong>dicunt</strong></span> <span class='ocrx_word' id='word_1_202' title='bbox 1134 2915 1570 2992; x_wconf 89' lang='lat' dir='ltr'><strong>voluptatibus.</strong></span> <span class='ocrx_word' id='word_1_203' title='bbox 1656 2916 1712 2975; x_wconf 93' lang='grc' dir='ltr'>Ο</span> <span class='ocrx_word' id='word_1_204' title='bbox 1756 2917 2133 2993; x_wconf 89' lang='lat' dir='ltr'><strong>praeclarum</strong></span> <span class='ocrx_word' id='word_1_205' title='bbox 2175 2934 2396 2976; x_wconf 90' lang='lat' dir='ltr'><strong>munus</strong></span> 
     </span>
     <span class='ocr_line' id='line_1_28' title="bbox 488 3010 2396 3091; baseline 0.001 -20"><span class='ocrx_word' id='word_1_206' title='bbox 488 3011 722 3085; x_wconf 90' lang='lat' dir='ltr'><strong>aetatis,</strong></span> <span class='ocrx_word' id='word_1_207' title='bbox 767 3010 818 3070; x_wconf 91' lang='lat' dir='ltr'><strong>si</strong></span> <span class='ocrx_word' id='word_1_208' title='bbox 862 3011 1108 3089; x_wconf 91' lang='lat' dir='ltr'><strong>quidem</strong></span> <span class='ocrx_word' id='word_1_209' title='bbox 1153 3012 1216 3072; x_wconf 91' lang='lat' dir='ltr'><strong>id</strong></span> <span class='ocrx_word' id='word_1_210' title='bbox 1260 3013 1458 3071; x_wconf 83' lang='lat' dir='ltr'><strong>aufert</strong></span> <span class='ocrx_word' id='word_1_211' title='bbox 1487 3032 1523 3071; x_wconf 90' lang='lat' dir='ltr'><strong>a</strong></span> <span class='ocrx_word' id='word_1_212' title='bbox 1553 3013 1750 3084; x_wconf 77' lang='lat' dir='ltr'><strong>nobiS,</strong></span> <span class='ocrx_word' id='word_1_213' title='bbox 1781 3014 1944 3091; x_wconf 90' lang='lat' dir='ltr'><strong>quod</strong></span> <span class='ocrx_word' id='word_1_214' title='bbox 1975 3024 2069 3074; x_wconf 92' lang='lat' dir='ltr'><strong>est</strong></span> <span class='ocrx_word' id='word_1_215' title='bbox 2098 3012 2159 3071; x_wconf 90' lang='lat' dir='ltr'><strong>in</strong></span> <span class='ocrx_word' id='word_1_216' title='bbox 2191 3011 2396 3073; x_wconf 91' lang='lat' dir='ltr'><strong>adule-</strong></span> 
     </span>
     <span class='ocr_line' id='line_1_29' title="bbox 486 3109 2397 3188; baseline 0.001 -19"><span class='ocrx_word' id='word_1_217' title='bbox 486 3109 720 3169; x_wconf 91' lang='lat' dir='ltr'><strong>scentia</strong></span> <span class='ocrx_word' id='word_1_218' title='bbox 775 3109 1269 3169; x_wconf 80' lang='lat' dir='ltr'><strong>vitiosissimuml</strong></span> <span class='ocrx_word' id='word_1_219' title='bbox 1355 3110 1634 3187; x_wconf 91' lang='lat' dir='ltr'><strong>Accipite</strong></span> <span class='ocrx_word' id='word_1_220' title='bbox 1693 3111 1871 3183; x_wconf 89' lang='lat' dir='ltr'><strong>enim,</strong></span> <span class='ocrx_word' id='word_1_221' title='bbox 1925 3110 2138 3188; x_wconf 90' lang='lat' dir='ltr'><strong>optimi</strong></span> <span class='ocrx_word' id='word_1_222' title='bbox 2193 3111 2397 3171; x_wconf 87' lang='lat' dir='ltr'><strong>adule-</strong></span> 
     </span>
     <span class='ocr_line' id='line_1_30' title="bbox 485 3207 2395 3287; baseline 0 -20"><span class='ocrx_word' id='word_1_223' title='bbox 485 3217 743 3280; x_wconf 82' lang='lat' dir='ltr'><strong>scenteS,</strong></span> <span class='ocrx_word' id='word_1_224' title='bbox 785 3218 1050 3268; x_wconf 91' lang='lat' dir='ltr'><strong>veterem</strong></span> <span class='ocrx_word' id='word_1_225' title='bbox 1094 3208 1433 3267; x_wconf 89' lang='lat' dir='ltr'><strong>orationem</strong></span> <span class='ocrx_word' id='word_1_226' title='bbox 1477 3207 1783 3285; x_wconf 87' lang='lat' dir='ltr'><strong>Archytae</strong></span> <span class='ocrx_word' id='word_1_227' title='bbox 1822 3208 2157 3280; x_wconf 91' lang='lat' dir='ltr'><strong>Tarentini,</strong></span> <span class='ocrx_word' id='word_1_228' title='bbox 2190 3208 2395 3287; x_wconf 89' lang='lat' dir='ltr'><strong>magni</strong></span> 
     </span>
     <span class='ocr_line' id='line_1_31' title="bbox 486 3304 2394 3382; baseline 0.001 -18"><span class='ocrx_word' id='word_1_229' title='bbox 486 3304 545 3364; x_wconf 91' lang='lat' dir='ltr'><strong>in</strong></span> <span class='ocrx_word' id='word_1_230' title='bbox 585 3304 793 3382; x_wconf 87' lang='lat' dir='ltr'><strong>primis</strong></span> <span class='ocrx_word' id='word_1_231' title='bbox 839 3316 901 3364; x_wconf 92' lang='lat' dir='ltr'><strong>et</strong></span> <span class='ocrx_word' id='word_1_232' title='bbox 945 3304 1239 3382; x_wconf 89' lang='lat' dir='ltr'><strong>praeclari</strong></span> <span class='ocrx_word' id='word_1_233' title='bbox 1287 3305 1415 3376; x_wconf 91' lang='lat' dir='ltr'><strong>viri,</strong></span> <span class='ocrx_word' id='word_1_234' title='bbox 1462 3323 1619 3381; x_wconf 90' lang='lat' dir='ltr'><strong>quae</strong></span> <span class='ocrx_word' id='word_1_235' title='bbox 1663 3305 1808 3364; x_wconf 88' lang='lat' dir='ltr'><strong>mihi</strong></span> <span class='ocrx_word' id='word_1_236' title='bbox 1853 3306 2077 3365; x_wconf 88' lang='lat' dir='ltr'><strong>tradita</strong></span> <span class='ocrx_word' id='word_1_237' title='bbox 2119 3315 2214 3365; x_wconf 90' lang='lat' dir='ltr'><strong>est</strong></span> <span class='ocrx_word' id='word_1_238' title='bbox 2255 3325 2394 3366; x_wconf 90' lang='lat' dir='ltr'><strong>cum</strong></span> 
     </span>
     <span class='ocr_line' id='line_1_32' title="bbox 485 3402 2396 3477; baseline 0 -14"><span class='ocrx_word' id='word_1_239' title='bbox 485 3421 682 3463; x_wconf 90' lang='lat' dir='ltr'><strong>essem</strong></span> <span class='ocrx_word' id='word_1_240' title='bbox 734 3403 1097 3463; x_wconf 90' lang='lat' dir='ltr'><strong>adulescens</strong></span> <span class='ocrx_word' id='word_1_241' title='bbox 1146 3403 1400 3462; x_wconf 89' lang='lat' dir='ltr'><strong>Tarenti</strong></span> <span class='ocrx_word' id='word_1_242' title='bbox 1450 3422 1585 3462; x_wconf 85' lang='lat' dir='ltr'><strong>curn</strong></span> <span class='ocrx_word' id='word_1_243' title='bbox 1639 3402 1715 3477; x_wconf 90' lang='lat' dir='ltr'><strong>Q.</strong></span> <span class='ocrx_word' id='word_1_244' title='bbox 1768 3404 2060 3463; x_wconf 82' lang='lat' dir='ltr'><strong>Maximo.</strong></span> <span class='ocrx_word' id='word_1_245' title='bbox 2147 3404 2396 3464; x_wconf 91' lang='lat' dir='ltr'><strong>Nullam</strong></span> 
     </span>
     <span class='ocr_line' id='line_1_33' title="bbox 454 3501 2394 3588; baseline 0.002 -30"><span class='ocrx_word' id='word_1_246' title='bbox 454 3502 898 3579; x_wconf 41' lang='lat' dir='ltr'><strong>,capitaliorem</strong></span> <span class='ocrx_word' id='word_1_247' title='bbox 930 3512 1166 3579; x_wconf 90' lang='lat' dir='ltr'><strong>pestem</strong></span> <span class='ocrx_word' id='word_1_248' title='bbox 1196 3520 1380 3579; x_wconf 90' lang='lat' dir='ltr'><strong>quam</strong></span> <span class='ocrx_word' id='word_1_249' title='bbox 1409 3502 1786 3579; x_wconf 88' lang='lat' dir='ltr'><strong>voluptatem</strong></span> <span class='ocrx_word' id='word_1_250' title='bbox 1828 3502 2103 3579; x_wconf 90' lang='lat' dir='ltr'><strong>corporis</strong></span> <span class='ocrx_word' id='word_1_251' title='bbox 2143 3501 2394 3588; x_wconf 84' lang='lat' dir='ltr'><strong>homini·</strong></span> 
     </span>
    </p>
   </div>
  </div>
 </body>
</html>
