2788 3999
343 380 482 436 XVI
496 380 544 432 1.
569 377 671 451 60]
969 377 1080 431 DE
1132 374 1645 431 SENECTUTE.
2165 374 2243 442 25

343 550 593 629 copiose
625 547 704 608 ab
732 566 808 608 eo
838 547 964 626 agri
998 547 1235 608 cultura
1274 546 1556 605 laudatur
1594 544 1657 604 in
1695 563 1771 604 eo
1811 544 1984 618 libro,
2015 543 2120 622 qui
2157 555 2251 605 est

343 650 419 709 de
463 647 698 709 tuenda
750 663 814 704 re
863 644 1162 717 familiari,
1209 643 1312 721 qui
1364 642 1814 702 Oeconomicus
1869 641 2251 704 inscribiturl

344 749 549 824 Atque
593 754 660 804 ut
702 741 1069 819 intellegatis
1115 740 1259 798 nihil
1304 739 1360 798 ei
1411 749 1535 798 tam
1584 739 1786 817 regale
1828 738 2019 798 videri
2069 757 2251 816 quam

342 844 607 904 studium
642 840 768 920 agri
798 838 1058 910 colendi,
1093 838 1379 898 Socrates
1421 837 1481 895 in
1512 856 1587 897 eo
1618 838 1771 896 libro
1811 836 2077 913 loquitur
2113 854 2251 896 cum

345 928 666 1001 Critobulo
708 938 930 1016 Cyrum
975 935 1268 994 minorem
1316 935 1634 993 Persarum
1678 952 1898 1012 regem,
1943 943 2255 1010 praestan-

343 1048 464 1097 tem
505 1035 750 1114 ingenio
797 1044 977 1112 atque
1021 1031 1233 1109 imperi
1275 1031 1485 1109 gloria,
1527 1050 1664 1089 cum
1710 1031 2026 1108 Lysander
2070 1030 2255 1089 Lace-

344 1134 725 1205 daemoniuS,
754 1133 844 1192 vir
872 1148 1142 1191 summae
1172 1128 1428 1201 virtutis,
1461 1128 1727 1187 venisset
1762 1129 1839 1187 ad
1879 1146 2016 1186 eum
2050 1127 2260 1187 Sardis

344 1232 519 1309 eique
561 1231 728 1290 dona
770 1249 806 1289 a
849 1228 1032 1289 sociis
1075 1226 1394 1299 attulisset,
1428 1235 1489 1283 et
1518 1224 1737 1284 ceteris
1780 1225 1841 1283 in
1886 1225 2066 1285 rebus
2096 1244 2255 1285 com-

345 1346 589 1386 munem
632 1345 777 1405 erga
821 1326 1201 1404 Lysandrum
1246 1334 1429 1401 atque
1474 1323 1803 1381 humanum
1846 1321 2035 1382 fuisse
2086 1332 2148 1382 et
2196 1323 2253 1382 ei

344 1425 649 1501 quendam
679 1434 1077 1501 consaeptum
1110 1441 1318 1500 agrum
1349 1421 1674 1499 diligenter
1711 1419 2013 1479 consitum
2054 1429 2255 1480 osten-

343 1523 526 1582 disse.
607 1523 764 1581 Cum
788 1531 987 1580 autem
1013 1518 1410 1579 admiraretur
1432 1517 1750 1595 Lysander
1771 1526 1831 1576 et
1854 1517 2254 1594 proceritates

344 1619 627 1679 arborum
658 1627 720 1677 et
757 1618 1022 1676 directos
1063 1616 1123 1674 in
1167 1616 1569 1693 quincuncem
1607 1614 1855 1673 ordines
1899 1626 1959 1674 et
2005 1616 2252 1675 humum

343 1715 659 1775 subactam
693 1725 874 1792 atque
915 1732 1124 1791 puram
1155 1723 1216 1772 et
1244 1714 1605 1773 suavitatem
1644 1713 1900 1772 odorum
1943 1712 2045 1789 qui
2090 1713 2252 1773 affla-

344 1823 551 1872 rentur
579 1830 655 1871 ex
683 1811 947 1885 floribus,
982 1821 1107 1870 tum
1140 1829 1277 1869 eum
1317 1811 1544 1870 dixisse
1574 1810 1776 1870 mirari
1806 1828 1872 1870 se
1904 1829 2029 1869 non
2070 1811 2253 1870 modo

343 1909 720 1987 diligentiam
758 1909 867 1968 sed
906 1909 1088 1968 etiam
1129 1908 1460 1968 sollertiam
1501 1907 1631 1967 eius
1671 1928 1707 1968 a
1746 1927 1868 1986 quo
1907 1918 2114 1968 essent
2150 1908 2254 1968 illa

344 2008 622 2067 dimensa
657 2017 841 2085 atque
880 2006 1206 2084 discripta3
1259 2016 1321 2065 et
1362 2008 1584 2085 Cyrum
1630 2006 2018 2085 respondisse
2050 2006 2254 2085 ‘atqui

342 2124 456 2182 ego
503 2105 621 2164 ista
663 2123 794 2163 sum
838 2103 1045 2164 omnia
1083 2103 1414 2175 dimensus,
1458 2102 1577 2161 mei
1625 2114 1767 2163 sunt
1808 2104 2072 2179 ordineS‚
2118 2124 2254 2166 mea

343 2200 699 2279 discriptio;
763 2201 987 2260 multae
1035 2200 1215 2259 etiam
1267 2201 1518 2260 istarum
1563 2201 1844 2261 arborum
1889 2221 2025 2262 mea
2068 2222 2253 2263 manu

344 2311 483 2357 sunt
506 2299 717 2357 satae.’
801 2299 961 2357 Tum
986 2299 1384 2376 Lysandrum,
1411 2298 1744 2357 intuentem
1771 2319 2097 2377 purpuram
2122 2300 2253 2359 eius

342 2405 403 2454 et
447 2395 706 2454 nitorem
754 2394 1024 2471 corporis
1070 2404 1470 2471 ornatumque
1518 2395 1825 2456 Persicum
1870 2398 2062 2456 multo
2106 2416 2253 2456 auro

343 2492 671 2570 multisque
712 2492 984 2571 gemmiS,
1016 2491 1240 2550 dixisse
1287 2494 1301 2521 ‘
1321 2502 1483 2551 recte
1512 2512 1655 2552 vero
1688 2505 1763 2568 te,
1798 2495 1974 2572 Cyre,
2006 2493 2251 2553 beatum

341 2591 561 2661 ferunt,
614 2589 902 2667 quoniam
960 2587 1165 2648 virtuti
1221 2598 1361 2648 tuae
1417 2590 1662 2649 fortuna
1710 2590 2038 2652 coniuncta
2087 2592 2251 2651 estl’

345 2689 487 2746 Hac
516 2686 697 2765 igitur
724 2688 969 2745 fortuna
1006 2685 1123 2745 frui
1163 2686 1303 2746 licet
1341 2687 1609 2757 senibus,
1637 2708 1751 2749 nec
1790 2698 1960 2748 aetas
1998 2688 2252 2766 impedit
2282 2690 2350 2748 60

342 2804 465 2862 quo
496 2784 696 2843 minus
726 2793 788 2843 et
817 2794 1152 2843 ceterarum
1183 2803 1378 2843 rerum
1402 2789 1472 2844 'et
1502 2786 1563 2845 in
1592 2786 1803 2863 primis
1842 2785 1969 2864 agri
2008 2786 2251 2845 colendi

342 2881 545 2941 studia
586 2891 903 2941 teneamus
946 2900 1139 2960 usque
1183 2880 1260 2940 ad
1300 2882 1577 2942 ultimum
1620 2893 1860 2960 tempus
1899 2883 2247 2943 senectutis,

344 2980 431 3037 M.
478 2977 725 3055 quidem
757 2977 1069 3037 Valerium
1107 2978 1437 3039 Corvinum
1482 2978 1828 3056 accepimus
1872 2980 1949 3039 ad
1993 2980 2250 3040 centesi-

343 3094 506 3133 mum
538 3093 765 3134 annum
806 3075 1184 3152 perduxisse,
1214 3096 1351 3136 cum
1396 3086 1560 3136 esset
1604 3085 1740 3135 acta
1782 3075 1902 3135 iam
1945 3087 2145 3137 aetate
2189 3077 2250 3136 in

343 3171 502 3250 agris
531 3190 761 3249 eosque
797 3173 1042 3247 coleret,
1075 3174 1247 3234 cuius
1274 3173 1433 3233 inter
1469 3174 1726 3250 primum
1753 3183 1815 3233 et
1843 3184 2079 3234 sextum
2109 3194 2251 3236 con-

342 3270 607 3328 sulatum
630 3287 737 3327 sex
761 3280 822 3329 et
845 3270 1249 3348 quadraginta
1272 3271 1416 3329 anni
1440 3270 1856 3331 interfuerunt.
1945 3272 2042 3331 Ita
2064 3290 2251 3349 quan·

344 3377 470 3426 tum
501 3365 763 3442 spatium
797 3367 1017 3427 aetatis
1053 3366 1313 3426 maiores
1350 3367 1429 3426 ad
1469 3366 1800 3427 senectutis
1838 3367 2073 3427 initium
2112 3386 2249 3428 esse

341 3463 682 3537 voluerunt,
714 3474 922 3523 tantus
952 3464 1036 3522 illi
1066 3482 1278 3523 cursus
1313 3464 1612 3523 honorum
1656 3464 1770 3524 fuit
1790 3486 1807 3539 3
1848 3474 2030 3542 atque
2072 3464 2250 3524 huius

343 3570 621 3620 extrema
659 3570 832 3620 aetas
873 3561 992 3619 hoc
1036 3560 1270 3619 beatior
1307 3579 1491 3637 quam
1536 3561 1759 3635 media,
1785 3562 1962 3639 quod.
1995 3562 2248 3621 auctori,
