2788 3999
378 333 556 389 VIII.
582 330 679 408 26]
926 347 929 350 ·
1043 332 1156 387 ΒΕ
1208 330 1726 387 SENECTUTE.
2208 333 2279 381 11

380 502 560 563 dere:
622 504 638 533 ‘
660 501 757 562 dis
803 500 1263 575 immortalibuS,
1306 500 1411 578 qui
1457 517 1554 559 me
1603 518 1727 559 non
1777 497 2053 577 accipere
2101 499 2288 559 modo

379 601 534 660 haec
557 618 594 658 a
615 599 945 659 maioribus
966 598 1306 671 voluerunt,
1330 598 1442 658 sed
1471 598 1655 658 etiam
1686 597 1947 676 posteris
1975 597 2235 675 prodere
2254 597 2290 656 '-

461 697 650 756 VIII.
708 697 788 755 Et
814 693 1030 756 melius
1062 694 1369 756 Caecilius
1399 696 1477 756 de
1500 714 1648 755 sene
1678 695 1852 755 alteri
1881 695 2130 755 saeculo
2156 713 2292 774 pro·

380 793 695 873 spiciente,
727 811 911 871 quam
940 792 1089 853 illud
1118 792 1320 852 idem:

542 947 745 1022 edepol,
774 955 1040 1020 senectus,
1067 947 1128 1004 si
1148 948 1245 1006 nil
1263 947 1572 1023 quicquam
1602 946 1784 1005 aliud
1801 945 1915 1006 viti

542 1045 810 1120 adportes
836 1052 1031 1117 tecum,
1059 1062 1187 1102 cum
1216 1044 1478 1116 advenis,
1508 1062 1692 1108 unum
1721 1043 1790 1102 id
1808 1050 1909 1101 sat
1929 1049 2030 1117 est,

541 1142 701 1219 quod
721 1142 826 1200 diu
856 1142 1097 1201 vivendo
1125 1142 1313 1200 multa
1340 1160 1493 1217 quae
1517 1159 1630 1199 non
1659 1141 1781 1200 volt
1804 1140 1974 1219 viafet.

383 1295 464 1354 Et
492 1295 683 1354 multa
711 1295 974 1353 fortasse
1005 1310 1161 1370 quae
1192 1292 1336 1366 volt,
1370 1301 1555 1370 atque
1588 1291 1649 1351 in
1679 1310 1769 1365 ea,
1801 1310 1960 1369 quae
1990 1310 2114 1352 non
2142 1290 2289 1367 volt,

382 1410 569 1470 saepe
626 1392 810 1452 etiarn
869 1390 1290 1451 adulescentia
1346 1389 1611 1449 incurrit.
1723 1388 1884 1451 Illud
1933 1407 2079 1450 vero
2129 1388 2292 1449 idem

383 1489 692 1550 Caecilius
733 1488 1010 1549 vitiosius
1035 1510 1049 1548 ε

543 1633 668 1685 tum
695 1626 951 1702 equidem
981 1626 1042 1683 in
1070 1633 1283 1684 senecta
1310 1625 1416 1683 hoc
1439 1624 1644 1700 deputo
1671 1624 2084 1697 macerrimum,

543 1723 753 1782 sentire
774 1742 844 1782 ea
871 1729 1056 1781 aetate
1081 1731 1314 1799 eumpse
1335 1741 1454 1781 esse
1476 1722 1732 1781 odiosum
1760 1723 1952 1781 alteri.

385 1875 726 1935 Iucundum
758 1875 963 1953 potius
992 1893 1175 1953 quam
1205 1874 1523 1935 odiosum!
1582 1876 1672 1934 Ut
1699 1874 1860 1934 enirn
1893 1875 2293 1936 adulescenti·
2323 1879 2391 1939 21

381 1974 498 2035 bus
539 1973 703 2034 bona
746 1971 951 2033 indole
994 1972 1286 2049 praeditis
1326 1974 1637 2050 sapientes
1678 1990 1859 2034 senes
1888 1971 2288 2050 delectantur,

382 2072 693 2151 leviorque
722 2071 791 2132 fit
822 2080 1106 2132 senectus
1136 2089 1344 2131 eorum
1375 2071 1478 2148 qui
1509 2090 1545 2129 a
1575 2071 1889 2131 iuventute
1918 2071 2201 2131 coluntur
2228 2082 2290 2132 et

381 2171 729 2250 dilig-untur,
762 2171 850 2232 sic
890 2171 1315 2239 adulescentes
1357 2191 1571 2233 senum
1616 2173 1958 2251 praeceptis
1999 2173 2286 2251 gaudent,

381 2269 603 2348 quibus
632 2270 711 2330 ad
739 2270 1026 2329 virtutum
1057 2270 1260 2331 studia
1281 2271 1601 2346 ducuntur,
1628 2291 1741 2332 nec
1771 2272 1971 2332 minus
2000 2272 2291 2352 intellego

379 2387 477 2429 rne
506 2369 683 2430 vobis
712 2388 895 2448 quam
925 2369 1072 2428 mihi
1101 2389 1210 2429 vos
1240 2387 1378 2428 esse
1410 2369 1726 2429 iucundoS.
1801 2371 1923 2430 Sed
1953 2371 2189 2445 videtis,
2221 2380 2288 2431 ut

380 2477 666 2527 senectus
695 2484 817 2526 non
849 2468 1035 2527 modo
1071 2466 1361 2545 languida
1390 2477 1575 2543 atque
1607 2466 1768 2528 iners
1799 2487 1922 2527 non
1953 2469 2046 2542 sit,
2080 2487 2288 2529 verum

380 2565 564 2625 etiam
610 2565 689 2625 sit
734 2583 995 2642 operosa
1025 2574 1086 2624 et
1129 2583 1370 2642 semper
1415 2583 1603 2642 agens
1635 2565 1864 2642 aliquid
1904 2576 1966 2626 et
2008 2566 2284 2641 molienS,

378 2663 501 2722 tale
544 2661 792 2736 scilicet,
838 2662 1020 2741 quale
1059 2662 1353 2738 cuiusque
1392 2661 1659 2721 studium
1706 2662 1769 2720 in
1816 2663 2126 2739 superiore
2164 2664 2290 2724 vita

376 2759 511 2818 fuit.
598 2757 781 2832 Quid,
815 2759 919 2836 qui
949 2760 1135 2819 etiam
1166 2759 1494 2819 addiscunt
1524 2758 1772 2835 aliquid,
1807 2770 1873 2820 ut
1902 2769 1964 2820 et
1996 2761 2284 2820 Solonem

375 2853 655 2914 versibus
710 2854 1073 2932 gloriantem
1131 2854 1425 2926 videmus,
1488 2853 1592 2930 qui
1648 2872 1715 2913 se
1745 2854 1997 2915 -cotidie
2054 2855 2284 2932 aliquid

377 2950 798 3012 addiscentem
843 2950 990 3010 dicit
1033 2968 1242 3010 senem
1286 2950 1433 3022 fieri,
1476 2961 1537 3009 et
1580 2969 1695 3028 ego
1736 2950 1872 3023 feci,
1905 2951 2009 3027 qui
2051 2951 2285 3012 litteras

376 3048 649 3108 Graecas
705 3064 895 3106 senex
939 3047 1144 3121 didici,
1196 3066 1349 3124 quas
1399 3046 1646 3124 quidem
1697 3047 1784 3107 sic
1835 3048 2012 3107 avide
2063 3048 2286 3127 arripui

376 3143 553 3222 quasi
592 3143 937 3203 diuturnam
969 3145 1129 3204 sitim
1160 3145 1405 3226 explere
1436 3143 1706 3220 cupienS,
1739 3153 1805 3203 ut
1847 3163 1921 3204 ea
1963 3144 2097 3223 ipsa
2139 3146 2284 3205 mihi

375 3250 524 3300 nota
547 3250 770 3314 essent,
797 3241 1018 3318 quibus
1051 3259 1148 3300 me
1181 3259 1342 3300 nunc
1372 3240 1666 3318 exemplis
1691 3240 1778 3300 uti
1801 3240 2039 3302 videtis,
2099 3242 2283 3317 Quod

373 3357 513 3398 cum
557 3338 777 3399 fecisse
825 3340 1116 3399 Socraten
1161 3338 1222 3397 in
1265 3338 1490 3398 fidibus
1535 3338 1823 3411 audirem,
1861 3338 2078 3398 vellem
2123 3339 2285 3416 equi-

375 3437 516 3495 dem
547 3435 730 3495 etiam
761 3435 926 3509 illud,
959 3436 1280 3496 discebant
1320 3435 1479 3494 enirn
1520 3435 1745 3495 fidibus
1786 3435 2034 3513 antiqui,
2067 3436 2178 3496 sed
2221 3435 2281 3494 in

374 3533 592 3593 litteris
621 3543 784 3592 certe
814 3532 1141 3592 elaboravi.
