2788 3999
499 311 589 384 34
1170 310 1384 366 CATo
1439 310 1710 364 MAloR
2044 304 2306 381 [xxm.
2332 308 2400 363 82

494 501 710 546 senum
750 480 989 562 glorier,
1019 499 1118 541 me
1159 489 1365 540 tantos
1393 479 1637 539 labores
1665 476 1917 539 diurnos
1946 488 2404 555 nocturnosque

495 581 661 644 domi
704 579 1074 655 militiaeque
1118 586 1541 654 suscepturum
1581 576 1789 651 fuisse,
1835 576 1888 637 si
1936 575 2131 636 isdem
2179 575 2404 635 finibus

493 677 748 760 gloriam
770 694 967 736 meam
986 674 1207 752 quibus
1226 674 1413 734 vitam
1432 690 1630 734 essem
1650 674 2119 735 terminaturus?
2180 674 2404 733 Nonne

494 775 713 837 melius
756 773 948 833 multo
986 772 1203 833 fuisset
1247 771 1509 832 otiosam
1548 781 1611 831 et
1653 770 1921 849 quietam
1967 780 2228 830 aetatem
2271 771 2405 830 sine

495 874 623 935 ullo
653 873 862 933 labore
905 880 966 930 et
1007 869 1403 930 contentione
1445 868 1808 928 traducere?
1894 868 2015 928 Sed
2045 868 2252 928 nescio
2283 887 2407 945 quo

494 969 682 1030 modo
712 967 948 1028 animus
977 963 1217 1043 erigens
1245 982 1314 1024 se
1342 963 1765 1042 posteritatem
1794 961 1881 1023 ita
1907 981 2149 1040 semper
2174 963 2407 1041 prospi-

496 1066 717 1141 ciebat,
750 1063 942 1143 quasi,
975 1081 1113 1123 cum
1143 1060 1511 1123 excessisset
1538 1080 1573 1122 e
1595 1060 1736 1134 vita,
1768 1070 1897 1121 tum
1927 1060 2194 1138 denique
2222 1060 2409 1119 victu-

494 1183 598 1225 rus
642 1173 827 1225 esset.
911 1160 1097 1239 Quod
1144 1159 1393 1238 quidem
1441 1159 1503 1218 ui
1552 1158 1638 1219 ita
1684 1178 1753 1219 se
1803 1158 2056 1219 haberet
2104 1168 2172 1219 ut
2220 1158 2407 1219 animi

495 1258 866 1320 immortales
888 1266 1110 1331 essent,
1136 1254 1303 1315 haud
1332 1253 1548 1332 optimi
1568 1253 1863 1333 cuiusque
1887 1254 2126 1314 animus
2148 1253 2407 1314 maxime

388 1359 464 1434 83
495 1354 575 1417 ad
604 1354 1072 1416 immortalitatis
1099 1352 1356 1432 gloriam
1379 1350 1691 1412 niteretur.
1776 1350 1944 1428 Quid
1963 1345 2140 1429 ‘quod
2170 1351 2409 1429 sapien-

493 1452 765 1514 tissimus
792 1451 1051 1530 quisque
1082 1448 1451 1529 aequissimo
1482 1448 1687 1509 animo
1715 1448 1984 1521 moritur,
2015 1447 2408 1510 stultissimus

496 1549 894 1629 iniquissime,
946 1567 1152 1609 nonne
1199 1546 1373 1609 vobis
1424 1545 1665 1607 videtur
1708 1546 1762 1607 is
1811 1545 2066 1619 animus,
2116 1545 2221 1624 qui
2268 1546 2407 1623 plus

495 1657 710 1709 cernat
754 1658 816 1707 et
860 1646 1117 1726 longius,
1148 1644 1355 1706 videre
1401 1662 1469 1706 se
1516 1641 1596 1703 ad
1642 1642 1896 1704 meliora
1939 1642 2258 1722 proficisci,
2305 1643 2408 1704 ille

495 1754 719 1819 autem,
750 1743 923 1805 cuius
963 1742 1240 1804 obtusior
1279 1741 1361 1804 sit
1403 1743 1584 1817 acies,
1617 1762 1742 1803 non
1771 1741 2020 1805 videre?
2107 1744 2408 1824 Equidem

494 1841 721 1903 efferor
745 1840 951 1903 studio
971 1851 1178 1919 patres
1206 1851 1443 1902 vestros
1466 1861 1624 1921 quos
1652 1841 1814 1903 colui
1843 1852 1905 1903 et
1933 1842 2118 1904 dilexi
2138 1842 2430 1917 videndi,

497 1958 697 2019 neque
717 1957 865 2001 vero
887 1957 995 2001 eos
1018 1938 1214 1999 solum
1238 1940 1567 2002 convenire
1591 1959 1761 2015 aveo,
1786 1959 1942 2019 quos
1966 1940 2096 2020 ipse
2127 1939 2403 2021 cognovi,

496 2037 610 2099 sed
652 2037 792 2097 illos
833 2037 1035 2111 etiam,
1076 2037 1156 2097 de
1200 2038 1424 2115 quibus
1470 2038 1672 2099 audivi
1715 2049 1777 2099 et
1818 2038 1938 2118 legi
1984 2049 2047 2100 et
2090 2038 2220 2117 ipse
2265 2058 2407 2099 con·

497 2133 710 2212 scripsi
730 2156 750 2209 ;
789 2153 912 2212 quo
942 2134 1189 2212 quidem
1219 2153 1317 2195 me
1346 2135 1834 2214 proficiscentem
1864 2137 2031 2197 haud
2069 2154 2219 2196 sane
2261 2136 2433 2213 quid-

494 2228 674 2290 facile
703 2228 1036 2302 retraxerit,
1068 2247 1184 2290 nec
1224 2239 1537 2308 tamquam
1571 2231 1780 2290 Pelian
1827 2230 2141 2292 recoxerit.
2227 2231 2306 2290 Et
2348 2230 2400 2292 si

499 2325 636 2405 quis
664 2325 818 2385 deus
849 2323 993 2385 mihi
1022 2326 1309 2406 largiatur
1350 2338 1420 2387 ut
1462 2347 1537 2387 ex
1578 2329 1695 2388 hac
1737 2338 1937 2389 aetate
1981 2346 2405 2406 repuerascam

497 2435 561 2486 et
588 2424 652 2485 in
681 2424 855 2486 cunis
882 2425 1140 2505 vagiam,
1171 2427 1351 2488 valde
1381 2446 1674 2502 recusem,
1701 2446 1818 2487 nec
1843 2446 1991 2488 vero
2019 2428 2199 2489 velim
2230 2425 2406 2504 quasi

390 2526 471 2598 84
497 2523 755 2584 decurso
778 2523 977 2601 spatio
1000 2526 1081 2586 ad
1103 2543 1378 2586 carceres
1403 2545 1440 2585 a
1460 2525 1628 2585 calce
1657 2524 1947 2586 revocari.
2032 2524 2198 2599 Quid
2221 2525 2407 2585 habet

501 2620 663 2681 enim
703 2620 828 2681 vita
869 2623 1218 2683 commodi?
1302 2622 1468 2697 Quid
1512 2641 1634 2682 non
1678 2622 1883 2701 potius
1928 2622 2198 2683 laboris?
2283 2621 2406 2691 Sed

495 2717 722 2777 habeat
750 2736 898 2777 sane
921 2740 939 2793 3
992 2720 1180 2780 habet
1209 2729 1372 2779 certe
1405 2729 1609 2779 tamen
1641 2730 1746 2779 aut
1775 2719 2119 2780 satietatem
2151 2729 2256 2780 aut
2283 2737 2405 2778 mo-

498 2814 662 2875 dum.
746 2816 887 2875 Non
918 2816 1068 2876 libet
1095 2816 1255 2875 enim
1288 2816 1434 2875 mihi
1463 2816 1781 2895 deplorare
1809 2816 2012 2890 vitam,
2038 2817 2202 2894 quod
2231 2814 2404 2875 multi

496 2920 561 2971 et
604 2910 660 2970 ei
704 2911 867 2972 docti
911 2932 1096 2990 saepe
1140 2913 1434 2987 fecerunt,
1468 2932 1666 2992 neque
1709 2933 1806 2974 me
1847 2913 2069 2975 vixisse
2111 2913 2401 2991 paenitet,

498 3008 786 3086 quoniam
816 3010 901 3070 ita
923 3010 1061 3083 vixi,
1086 3019 1154 3069 ut
1182 3029 1305 3069 non
1335 3011 1560 3071 frustra
1588 3030 1685 3070 me
1715 3021 1921 3071 natum
1952 3010 2309 3083 existimem,
2341 3019 2402 3069 et

497 3123 573 3165 ex
601 3104 726 3166 vita
759 3106 847 3167 ita
880 3107 1133 3167 discedo
1176 3116 1488 3185 tamquam
1519 3126 1594 3167 ex
1621 3108 1904 3187 hospitio,
1935 3126 2058 3167 non
2088 3118 2399 3185 tamquam

497 3221 534 3263 e
570 3202 795 3279 dom03
846 3204 1263 3264 commorandi
1305 3204 1469 3263 enim
1513 3215 1730 3265 natura
1771 3205 2174 3266 divorsorium
2204 3203 2400 3275 nobiS,

497 3319 623 3360 non
651 3300 971 3361 habitandi
999 3299 1188 3361 dedit.
1273 3301 1329 3361 O
1358 3302 1736 3379 praeclarum
1771 3302 1932 3362 diem
1972 3321 2109 3362 cum
2150 3300 2211 3360 in
2251 3300 2401 3360 illud

498 3397 770 3457 divinum
835 3396 1173 3456 animorum
1235 3398 1560 3458 concilium
1626 3409 1993 3477 coetumque
2053 3397 2403 3476 proficiscar

496 3513 758 3572 cumque
786 3513 865 3554 ex
890 3494 1006 3554 hac
1032 3495 1212 3554 turba
1239 3504 1302 3554 et
1328 3495 1671 3556 colluvione
1693 3495 2044 3555 discedam!
2127 3492 2403 3553 Proficis-
