2788 3999
386 329 389 332 a
422 296 585 349 XXI.
616 295 704 363 78]
1100 294 1209 345 DE
1260 255 1665 345 AMICITIA‘.
2238 296 2324 360 29

423 473 667 531 amicis:
728 490 880 548 quas
913 470 1015 547 qui
1058 470 1349 547 impedire
1393 470 1537 541 volt,
1583 470 1748 545 quod
1791 469 2156 546 desiderium
2200 490 2322 530 non

421 570 601 628 facile
643 570 816 641 ferat,
848 569 897 626 is
944 577 1006 625 et
1046 567 1318 625 infirmus
1365 575 1459 624 est
1510 567 1830 643 mollisque
1881 577 2096 626 natura
2139 578 2198 627 et
2243 569 2326 627 ob

422 686 556 725 eam
588 667 782 743 ipsam
812 684 1066 739 causam*
1089 665 1149 722 in
1182 663 1446 723 amicitia
1474 683 1685 740 parum
1721 664 1933 724 iustus,
2018 668 2219 742 Atque
2265 667 2325 725 in
2358 668 2428 745 76

421 763 586 821 omni
628 782 691 821 re
735 762 1243 821 considerandum
1286 771 1398 834 est,
1430 771 1491 819 et
1534 761 1679 838 quid
1708 762 1979 837 postules
2010 763 2087 821 ab
2130 762 2326 822 amico

420 870 482 918 et
513 859 657 937 quid
688 859 917 936 patiare
950 879 984 917 a
1014 868 1073 917 te
1105 858 1430 936 impetrari.
1834 864 1836 867 ⁴

501 958 678 1017 XXI.
765 957 874 1015 Est
947 956 1125 1014 etiam
1199 956 1500 1032 quaedam
1559 956 1873 1015 calamitas
1928 956 1990 1014 in
2046 956 2326 1018 amicitiis

421 1054 796 1113 dimittendis
853 1072 975 1111 non
1034 1072 1361 1129 numquam
1421 1053 1799 1113 necessaria:
1884 1054 2004 1112 iam
2062 1055 2221 1128 enim
2289 1074 2326 1113 a

421 1151 783 1227 sapientium
814 1150 1323 1209 familiaritatibus
1369 1151 1447 1209 ad
1488 1150 1751 1228 volgaris
1796 1151 2088 1210 amicitias
2132 1152 2325 1210 oratio

423 1258 628 1306 nostra
657 1247 973 1307 delabitur.
1063 1247 1403 1323 Erumpunt
1433 1265 1615 1323 saepe
1646 1247 1793 1307 vitia
1822 1249 2150 1307 amicorum
2195 1258 2320 1308 tum

421 1345 480 1403 in
532 1344 696 1421 ipsos
760 1344 1006 1416 ami008‚
1060 1354 1183 1402 tum
1244 1344 1304 1401 in
1361 1344 1612 1418 alienos,
1672 1365 1928 1422 quorum
1986 1354 2189 1404 tamen
2248 1347 2326 1405 ad

421 1439 647 1498 amicos
685 1439 983 1497 redundet
1026 1438 1292 1499 infamia.
1378 1439 1563 1498 Tales
1614 1440 1793 1515 igitur
1838 1440 2137 1499 amicitiae
2183 1452 2327 1501 sunt

419 1536 773 1595 remissione
804 1554 948 1593 usus
978 1534 1274 1593 eluendae
1310 1546 1389 1608 et,
1416 1547 1482 1594 ut
1514 1537 1810 1595 Catonem
1858 1537 2057 1595 dicere
2104 1538 2323 1612 audivi,

420 1634 785 1693 dissuendae
844 1632 1035 1710 magis
1093 1651 1273 1709 quam
1332 1633 1788 1705 discindendae‚
1851 1635 1965 1694 nisi
2023 1636 2325 1711 quaedam

420 1733 746 1791 admodum
779 1730 1177 1789 intolerabilis
1208 1729 1424 1789 iniuria
1448 1731 1754 1803 exarserit,
1780 1742 1845 1790 ut
1868 1751 2062 1808 neque
2094 1743 2323 1791 rectum

420 1849 616 1907 neque
647 1832 966 1889 honestum
998 1828 1076 1888 sit
1107 1847 1218 1887 nec
1246 1828 1375 1887 fieri
1405 1827 1598 1905 possit
1629 1838 1693 1887 ut
1725 1849 1844 1887 non
1876 1829 2077 1889 statim
2106 1830 2327 1889 aliena-

419 1928 505 1986 tio
548 1928 994 2006 disiunctioque
1038 1927 1320 1987 facienda
1365 1928 1459 1985 sit.
1549 1927 1653 1986 Sin
1700 1937 1900 1986 autem
1946 1939 2049 1987 aut
2094 1947 2325 1987 morum
2357 1944 2424 2008 77

419 2036 522 2083 aut
552 2027 891 2085 studiorum
921 2027 1313 2085 commutatio
1343 2027 1663 2102 quaedam,
1695 2035 1761 2085 ut
1789 2026 1918 2086 fieri
1958 2027 2131 2100 solet,
2162 2028 2327 2087 sacta

418 2123 546 2194 erit,
581 2134 683 2181 aut
714 2124 770 2182 in
805 2122 888 2182 rei
932 2124 1210 2199 publicae
1254 2124 1528 2199 partibus
1572 2122 1874 2182 dissensio
1920 2125 2326 2183 intercesserit

418 2221 724 2296 —loquor
767 2221 925 2280 enim
971 2221 1108 2293 iam,
1139 2231 1205 2279 ut
1248 2221 1432 2297 paulo
1477 2230 1616 2279 ante
1657 2221 1796 2293 dixi,
1830 2240 1952 2279 non
1984 2221 2060 2279 de
2091 2222 2326 2298 sapien·

419 2316 583 2389 tium,
617 2319 726 2377 sed
756 2318 833 2376 de
864 2317 1285 2377 communibus
1330 2318 1610 2376 amicitiis
1630 2350 1708 2360 —
1731 2318 2067 2376 cavendum
2105 2319 2216 2377 erit
2247 2336 2323 2376 ne

419 2433 541 2472 non
598 2415 794 2474 solum
851 2414 1150 2474 amicitiae
1208 2414 1542 2491 depositae,
1592 2414 1699 2472 sed
1747 2414 1925 2472 etiam
1975 2414 2322 2473 inimicitiae

418 2522 738 2588 susceptae
794 2511 1128 2572 videantur.
1245 2511 1410 2570 Nihil
1469 2512 1627 2570 enim
1686 2522 1779 2570 est
1836 2512 2068 2588 turpius
2139 2531 2321 2588 quam

418 2627 551 2666 cum
585 2627 659 2666 eo
687 2609 913 2668 bellum
942 2627 1170 2686 gerere,
1203 2627 1463 2683 quocum
1495 2607 1869 2667 familiariter
1899 2609 2135 2668 vixeris,
2222 2610 2322 2668 Ab

419 2706 681 2765 amicitia
710 2704 787 2779 Q.
822 2706 1072 2781 Pompei
1104 2724 1239 2763 meo
1271 2706 1513 2764 nomine
1545 2724 1610 2765 se
1641 2717 1994 2778 removerat,
2027 2715 2092 2764 ut
2133 2706 2318 2779 scitis,

421 2804 623 2879 Scipio
648 2824 666 2877 3
726 2813 974 2879 propter
1007 2803 1448 2861 dissensionem
1500 2811 1719 2873 autem,
1766 2821 1921 2878 quae
1972 2812 2100 2861 erat
2146 2803 2207 2861 in
2257 2822 2320 2861 re

418 2900 680 2976 publica,
713 2901 1009 2959 alienatus
1040 2910 1133 2958 est
1163 2920 1199 2958 a
1241 2901 1477 2977 collega
1507 2913 1716 2958 nostro
1750 2901 2042 2960 Metello:
2101 2910 2322 2959 utrum·

418 3016 535 3073 que
565 2997 688 3075 egit
714 2998 975 3075 graviter
1006 3016 1075 3055 ac
1107 3008 1437 3072 temperate
1477 3006 1537 3054 et
1582 2995 1919 3055 offensione
1972 2998 2154 3056 animi
2197 3016 2319 3055 non

419 3095 655 3154 acerba.
741 3093 942 3168 Quam
994 3094 1073 3152 ob
1131 3112 1253 3151 rem
1308 3094 1564 3169 primum
1616 3094 1822 3152 danda
1867 3113 2052 3169 opera
2101 3103 2194 3153 est
2244 3113 2320 3152 ne
2353 3096 2422 3172 78

418 3211 538 3267 qua
580 3190 905 3250 amicorum
939 3191 1195 3249 discidia
1223 3191 1407 3248 fiant:
1465 3191 1556 3248 sin
1596 3191 1716 3249 tale
1761 3190 1986 3266 aliquid
2032 3192 2317 3262 evenerit,

418 3299 484 3346 ut
553 3289 887 3348 exstinctae
944 3287 1145 3362 potius
1203 3287 1503 3345 amicitiae
1561 3305 1739 3361 quam
1798 3306 2126 3362 oppressae
2182 3307 2319 3347 esse

417 3385 751 3444 videantur.
838 3385 1195 3444 Cavendum
1226 3402 1368 3441 vero
1400 3402 1475 3440 ne
1506 3383 1685 3443 etiam
1731 3383 1790 3440 in
1833 3384 2032 3460 gravis
2076 3384 2317 3443 inimici-

420 3482 533 3539 tias
565 3492 922 3543 convertant
951 3501 1016 3540 se
1048 3480 1362 3552 amicitiae,
1397 3498 1471 3538 ex
1501 3480 1719 3555 quibus
1762 3480 1953 3558 iurgia
1996 3481 2320 3540 maledicta
