2788 3999
421 344 545 398 XV.
578 342 673 416 55]
1143 342 1254 396 DE
1307 341 1717 399 AMICITIA.
2240 345 2317 396 21

422 522 631 573 nostra
675 531 790 572 nec
833 511 1001 572 domi
1057 530 1171 571 nec
1226 510 1476 570 militiae
1535 511 1739 588 Scipio
1794 511 2100 589 eguisset?
2183 513 2327 572 Non

420 610 599 688 igitur
635 610 955 669 utilitatem
999 607 1282 680 amicitia,
1325 607 1436 667 sed
1478 608 1707 668 utilitas
1749 608 2074 668 amicitiam
2117 619 2330 671 secuta

419 718 533 768 est.
730 765 735 769 .

452 771 639 890 QsXV.
722 805 864 863 Non
922 805 1068 881 ergo
1125 812 1304 861 erunt
1358 800 1638 862 homines
1695 802 1929 862 deliciis
1985 803 2330 865 diffluentes
2360 824 2430 885 52

420 901 724 974 audiendi,
776 900 827 960 si
884 900 1132 977 quando
1188 899 1266 958 de
1324 898 1608 971 amicitia,
1656 918 1839 975 quarn
1890 918 2003 959 nec
2051 919 2165 961 usu
2215 921 2331 962 nec

418 998 654 1058 ratione
686 998 918 1056 habent
960 996 1284 1075 cognitam,
1325 996 1746 1072 disputabunt.
1833 997 1993 1055 Nam
2036 998 2172 1074 quis
2215 1009 2327 1073 est,

419 1114 531 1172 pro
572 1095 824 1154 deorum
867 1093 1053 1152 fidem
1092 1102 1275 1170 atque
1304 1091 1652 1151 hominum!
1697 1091 1800 1167 qui
1829 1092 1990 1165 velit,
2020 1104 2087 1154 ut
2130 1114 2331 1172 neque

419 1191 632 1269 diligat
660 1208 1024 1267 quemquam
1057 1208 1171 1249 nec
1194 1190 1324 1265 ipse
1343 1189 1422 1247 ab
1445 1189 1571 1247 ullo
1594 1188 1895 1266 diligatur,
1917 1189 2330 1252 circum'fluere

420 1289 701 1348 omnibus
757 1287 950 1363 copiis
1008 1298 1221 1366 atque*
1248 1286 1308 1345 in
1367 1286 1637 1344 omnium
1704 1305 1898 1346 rerum
1956 1290 2334 1368 abundantia

418 1386 663 1445 vivere?
749 1386 928 1444 Haec
967 1384 1127 1444 enim
1174 1392 1269 1443 est
1313 1393 1703 1461 tyrannorum
1751 1385 1893 1460 vita,
1943 1383 2219 1474 UQUJD
2268 1388 2328 1447 in

420 1501 541 1560 qua
572 1481 740 1541 nulla
780 1482 952 1554 fides,
984 1481 1152 1540 nulla
1193 1480 1432 1552 caritas,
1480 1480 1647 1540 nulla
1689 1482 1926 1543 stabilis
1968 1461 2333 1545 benevolen-

420 1580 540 1639 tiae
582 1588 788 1656 potest
828 1597 964 1638 esse
1005 1577 1245 1649 fiducia,
1291 1578 1497 1637 omnia
1541 1597 1782 1656 semper
1821 1592 2107 1658 suspecta
2149 1593 2332 1660 atque

420 1677 697 1750 sollicita,
736 1676 951 1760 ‘nullus
1001 1677 1172 1735 locus
1222 1675 1541 1735 amicitiae.
1629 1676 1785 1751 Quis
1836 1679 1997 1740 enim
2047 1689 2152 1739 aut
2194 1698 2330 1740 eum
2363 1698 2435 1758 53

421 1776 650 1854 diligat,
682 1792 862 1850 quem
908 1782 1152 1845 metuat,
1187 1783 1290 1832 aut
1334 1792 1491 1844 eum,
1537 1793 1574 1832 a
1616 1793 1737 1850 quo
1781 1794 1847 1834 se
1889 1776 2074 1835 metui
2117 1780 2332 1855 putet?

423 1874 725 1935 Coluntur
748 1883 951 1932 tamen
976 1872 1363 1937 simulatione
1382 1874 1699 1932 dumtaxat
1720 1873 1796 1933 ad
1817 1884 2074 1951 tempus.
2148 1874 2332 1948 Quod

422 1973 472 2033 si
517 1973 693 2044 forte,
740 1981 806 2032 ut
846 1971 914 2030 fit
958 1970 1334 2048 plerumque,
1388 1971 1737 2043 ceciderint,
1791 1981 1913 2030 tum
1965 1971 2334 2051 intellegitur

423 2090 606 2149 quam
661 2069 887 2148 fuerint
942 2069 1157 2146 inopes
1215 2069 1565 2130 amicorum.
1679 2069 1864 2143 Quod
1934 2070 2331 2146 Tarquinium

423 2169 649 2229 dixisse
717 2168 935 2240 ferunt,
993 2177 1119 2225 tum
1177 2167 1558 2227 exsulantem
1615 2185 1682 2226 se
1733 2166 2121 2239 intellexisse,
2178 2185 2333 2244 quos

423 2266 580 2325 fidos
624 2265 852 2325 amicos
894 2264 1228 2335 habuisset,
1275 2284 1431 2342 quos
1478 2265 1717 2336 infidos,
1762 2282 1900 2322 cum
1942 2262 2060 2322 iam
2107 2263 2335 2323 neutris

424 2362 679 2440 gratiam
710 2362 934 2421 referre
963 2371 1194 2439 posset.
1266 2362 1655 2439 Quamquam
1690 2361 1887 2433 miror,
1920 2361 2024 2419 illa
2052 2361 2337 2437 superbia
2368 2380 2439 2438 54

426 2469 486 2520 et
530 2459 985 2537 importunitate
1031 2459 1083 2518 si
1129 2477 1498 2536 quemquam
1549 2459 1806 2519 amicum
1854 2457 2078 2516 habere
2123 2458 2338 2534 potuit.

429 2559 632 2634 Atque
662 2565 729 2614 ut
757 2556 953 2628 huiuS,
987 2574 1168 2631 quem
1213 2556 1355 2626 dixi,
1389 2575 1589 2616 mores
1631 2573 1810 2615 veros
1851 2553 2080 2613 amicos
2123 2574 2338 2631 parare

430 2672 551 2712 non
602 2662 946 2729 potuerunt,
1000 2652 1088 2711 sic
1133 2653 1457 2711 multorum
1510 2671 1661 2731 opes
1712 2650 2199 2729 praepotentium
2245 2670 2342 2711 ex-

429 2748 682 2807 cludunt
711 2746 1005 2805 amicitias
1034 2746 1253 2805 fidelis.
1339 2747 1398 2803 N
1403 2766 1482 2803 on
1513 2746 1673 2805 enim
1708 2746 1903 2805 solum
1936 2744 2069 2821 ipsa
2096 2745 2343 2804 fortuna

429 2863 615 2904 caeca
644 2852 756 2917 est,
787 2843 897 2902 sed
926 2861 1034 2903 eos
1065 2841 1247 2901 etiam
1280 2843 1636 2919 plerumque
1681 2843 1865 2902 efficit
1908 2860 2144 2915 caecos,
2189 2861 2344 2920 quos

431 2941 752 3018 complexa
793 2950 906 3000 est.
992 2942 1210 3015 Itaque
1253 2938 1588 2998 efferuntur
1615 2940 1743 2998 fere
1766 2939 2023 2998 fastidio
2052 2949 2112 2998 et
2139 2949 2346 2999 contu-

432 3038 645 3110 macia,
679 3056 792 3096 nec
820 3037 1145 3113 quicquam
1191 3036 1516 3113 insipiente
1548 3037 1861 3095 fortunato
1906 3036 2346 3097 intolerabilius

432 3135 562 3195 fieri
600 3143 824 3212 potest.
908 3137 1113 3210 Atque
1159 3134 1277 3192 hoc
1322 3133 1568 3210 quidem
1616 3133 1822 3193 videre
1870 3133 2029 3206 licet,
2072 3154 2197 3208 eOS,
2245 3135 2349 3212 qui

436 3243 618 3292 antea
673 3230 1010 3290 commodis
1074 3230 1302 3289 fuerint
1370 3230 1658 3303 moribus,
1719 3229 1973 3308 imperio
2044 3241 2349 3310 potestate

435 3328 743 3407 prosperis
781 3328 964 3386 rebus
1007 3326 1326 3399 immutari,
1371 3326 1578 3404 sperni
1621 3327 1701 3385 ab
1744 3326 1833 3386 eis
1874 3337 2112 3388 veteres
2157 3328 2356 3387 amici·

437 3426 571 3498 tiaS,
603 3423 902 3502 indulgeri
946 3423 1135 3483 noviS.
1224 3422 1390 3496 Quid
1436 3432 1638 3480 autem
1685 3422 1927 3481 stultius
1972 3442 2171 3499 quam,
2217 3443 2351 3482 cum
2387 3441 2455 3502 55

437 3523 762 3602 plurimum
832 3520 1027 3598 copiis
1091 3520 1489 3579 facultatibus
1552 3519 1775 3596 opibus
1842 3519 2096 3596 possint,
2155 3529 2357 3579 cetera
