<?xml version="1.0" encoding="UTF-8"?>
<!DOCTYPE html PUBLIC "-//W3C//DTD XHTML 1.0 Transitional//EN"
    "http://www.w3.org/TR/xhtml1/DTD/xhtml1-transitional.dtd">
<html xmlns="http://www.w3.org/1999/xhtml" xml:lang="en" lang="en">
 <head>
  <title>
</title>
<meta http-equiv="Content-Type" content="text/html;charset=utf-8" />
  <meta name='ocr-system' content='tesseract 3.04.00' />
  <meta name='ocr-capabilities' content='ocr_page ocr_carea ocr_par ocr_line ocrx_word'/>
</head>
<body>
  <div class='ocr_page' id='page_1' title='image "./catomaiordesene07cicegoog_0066.png"; bbox 0 0 2788 3999; ppageno 0'>
   <div class='ocr_carea' id='block_1_1' title="bbox 489 307 2391 378">
    <p class='ocr_par' dir='ltr' id='par_1_1' title="bbox 489 307 2391 378">
     <span class='ocr_line' id='line_1_1' title="bbox 489 307 2391 378; baseline 0.004 -21"><span class='ocrx_word' id='word_1_1' title='bbox 489 307 577 374; x_wconf 81' lang='lat'>30</span> <span class='ocrx_word' id='word_1_2' title='bbox 1161 309 1374 364; x_wconf 90' lang='lat' dir='ltr'>CATO</span> <span class='ocrx_word' id='word_1_3' title='bbox 1430 308 1699 364; x_wconf 87' lang='lat' dir='ltr'>MAIOR</span> <span class='ocrx_word' id='word_1_4' title='bbox 2129 308 2292 378; x_wconf 90' lang='lat' dir='ltr'><strong>[XX.</strong></span> <span class='ocrx_word' id='word_1_5' title='bbox 2325 322 2391 377; x_wconf 81' lang='lat'>72</span> 
     </span>
    </p>
   </div>
   <div class='ocr_carea' id='block_1_2' title="bbox 385 477 2395 2296">
    <p class='ocr_par' dir='ltr' id='par_1_2' title="bbox 385 477 2395 2296">
     <span class='ocr_line' id='line_1_2' title="bbox 487 477 2394 560; baseline 0.001 -21"><span class='ocrx_word' id='word_1_6' title='bbox 487 497 617 553; x_wconf 77' lang='lat' dir='ltr'>nuS,</span> <span class='ocrx_word' id='word_1_7' title='bbox 645 489 930 557; x_wconf 90' lang='lat' dir='ltr'>recteque</span> <span class='ocrx_word' id='word_1_8' title='bbox 969 477 1032 538; x_wconf 91' lang='lat' dir='ltr'>in</span> <span class='ocrx_word' id='word_1_9' title='bbox 1070 498 1144 539; x_wconf 90' lang='lat' dir='ltr'>ea</span> <span class='ocrx_word' id='word_1_10' title='bbox 1171 479 1403 553; x_wconf 89' lang='lat' dir='ltr'>vivitur,</span> <span class='ocrx_word' id='word_1_11' title='bbox 1437 478 1639 556; x_wconf 88' lang='lat' dir='ltr'>quoad</span> <span class='ocrx_word' id='word_1_12' title='bbox 1679 498 1898 538; x_wconf 90' lang='lat' dir='ltr'>munus</span> <span class='ocrx_word' id='word_1_13' title='bbox 1940 479 2101 538; x_wconf 91' lang='lat' dir='ltr'>offici</span> <span class='ocrx_word' id='word_1_14' title='bbox 2140 483 2394 560; x_wconf 85' lang='lat' dir='ltr'><strong>exsequi</strong></span> 
     </span>
     <span class='ocr_line' id='line_1_3' title="bbox 486 577 2391 657; baseline 0.001 -20"><span class='ocrx_word' id='word_1_15' title='bbox 486 587 548 637; x_wconf 89' lang='lat' dir='ltr'>et</span> <span class='ocrx_word' id='word_1_16' title='bbox 595 577 749 637; x_wconf 89' lang='lat' dir='ltr'>tueri</span> <span class='ocrx_word' id='word_1_17' title='bbox 793 577 988 655; x_wconf 88' lang='lat' dir='ltr'>possit</span> <span class='ocrx_word' id='word_1_18' title='bbox 1032 587 1411 655; x_wconf 88' lang='lat' dir='ltr'>mortemque</span> <span class='ocrx_word' id='word_1_19' title='bbox 1463 588 1873 650; x_wconf 85' lang='lat' dir='ltr'>contemnere,</span> <span class='ocrx_word' id='word_1_20' title='bbox 1920 595 1995 636; x_wconf 85' lang='lat' dir='ltr'>ex</span> <span class='ocrx_word' id='word_1_21' title='bbox 2041 599 2161 657; x_wconf 94' lang='lat' dir='ltr'>quo</span> <span class='ocrx_word' id='word_1_22' title='bbox 2208 579 2278 638; x_wconf 87' lang='lat' dir='ltr'>fit</span> <span class='ocrx_word' id='word_1_23' title='bbox 2326 589 2391 639; x_wconf 80' lang='lat' dir='ltr'>ut</span> 
     </span>
     <span class='ocr_line' id='line_1_4' title="bbox 487 675 2393 752; baseline 0.002 -18"><span class='ocrx_word' id='word_1_24' title='bbox 487 675 818 735; x_wconf 86' lang='lat' dir='ltr'>animosior</span> <span class='ocrx_word' id='word_1_25' title='bbox 876 675 1060 733; x_wconf 89' lang='lat' dir='ltr'>etiam</span> <span class='ocrx_word' id='word_1_26' title='bbox 1116 686 1401 735; x_wconf 86' lang='lat' dir='ltr'>senectus</span> <span class='ocrx_word' id='word_1_27' title='bbox 1463 676 1542 735; x_wconf 92' lang='lat' dir='ltr'>sit</span> <span class='ocrx_word' id='word_1_28' title='bbox 1604 694 1784 752; x_wconf 91' lang='lat' dir='ltr'>quam</span> <span class='ocrx_word' id='word_1_29' title='bbox 1849 677 2266 737; x_wconf 90' lang='lat' dir='ltr'>adulescentia</span> <span class='ocrx_word' id='word_1_30' title='bbox 2330 689 2393 737; x_wconf 94' lang='lat' dir='ltr'>et</span> 
     </span>
     <span class='ocr_line' id='line_1_5' title="bbox 483 772 2394 853; baseline 0.002 -22"><span class='ocrx_word' id='word_1_31' title='bbox 483 772 715 833; x_wconf 80' lang='lat' dir='ltr'>fortior.</span> <span class='ocrx_word' id='word_1_32' title='bbox 802 774 945 831; x_wconf 92' lang='lat' dir='ltr'>Hoc</span> <span class='ocrx_word' id='word_1_33' title='bbox 987 772 1136 831; x_wconf 92' lang='lat' dir='ltr'>illud</span> <span class='ocrx_word' id='word_1_34' title='bbox 1180 783 1291 846; x_wconf 90' lang='lat' dir='ltr'>est,</span> <span class='ocrx_word' id='word_1_35' title='bbox 1332 774 1500 850; x_wconf 89' lang='lat' dir='ltr'>quod</span> <span class='ocrx_word' id='word_1_36' title='bbox 1546 772 1862 832; x_wconf 75' lang='lat' dir='ltr'>Pisistrato</span> <span class='ocrx_word' id='word_1_37' title='bbox 1905 784 2163 853; x_wconf 86' lang='lat' dir='ltr'>tyranno</span> <span class='ocrx_word' id='word_1_38' title='bbox 2205 794 2242 834; x_wconf 98' lang='lat' dir='ltr'>a</span> <span class='ocrx_word' id='word_1_39' title='bbox 2288 775 2394 834; x_wconf 92' lang='lat' dir='ltr'>So·</span> 
     </span>
     <span class='ocr_line' id='line_1_6' title="bbox 488 870 2392 948; baseline 0 -19"><span class='ocrx_word' id='word_1_40' title='bbox 488 870 628 929; x_wconf 89' lang='lat' dir='ltr'>lone</span> <span class='ocrx_word' id='word_1_41' title='bbox 671 888 1032 947; x_wconf 86' lang='lat' dir='ltr'>responsum</span> <span class='ocrx_word' id='word_1_42' title='bbox 1075 879 1188 941; x_wconf 90' lang='lat' dir='ltr'>est,</span> <span class='ocrx_word' id='word_1_43' title='bbox 1218 889 1355 930; x_wconf 90' lang='lat' dir='ltr'>cum</span> <span class='ocrx_word' id='word_1_44' title='bbox 1399 870 1485 928; x_wconf 93' lang='lat' dir='ltr'>illi</span> <span class='ocrx_word' id='word_1_45' title='bbox 1528 871 1842 947; x_wconf 88' lang='lat' dir='ltr'>quaerenti</span> <span class='ocrx_word' id='word_1_46' title='bbox 1888 890 2008 948; x_wconf 88' lang='lat' dir='ltr'>qua</span> <span class='ocrx_word' id='word_1_47' title='bbox 2037 873 2282 931; x_wconf 89' lang='lat' dir='ltr'>tandem</span> <span class='ocrx_word' id='word_1_48' title='bbox 2327 891 2392 930; x_wconf 91' lang='lat' dir='ltr'>re</span> 
     </span>
     <span class='ocr_line' id='line_1_7' title="bbox 486 967 2393 1047; baseline 0 -21"><span class='ocrx_word' id='word_1_49' title='bbox 486 969 678 1027; x_wconf 80' lang='lat' dir='ltr'>fretus</span> <span class='ocrx_word' id='word_1_50' title='bbox 708 967 825 1027; x_wconf 93' lang='lat' dir='ltr'>sibi</span> <span class='ocrx_word' id='word_1_51' title='bbox 867 978 989 1026; x_wconf 89' lang='lat' dir='ltr'>tam</span> <span class='ocrx_word' id='word_1_52' title='bbox 1023 968 1333 1027; x_wconf 89' lang='lat' dir='ltr'>audaciter</span> <span class='ocrx_word' id='word_1_53' title='bbox 1375 968 1700 1028; x_wconf 90' lang='lat' dir='ltr'>obsisteret</span> <span class='ocrx_word' id='word_1_54' title='bbox 1742 968 2132 1047; x_wconf 90' lang='lat' dir='ltr'>respondisse</span> <span class='ocrx_word' id='word_1_55' title='bbox 2174 969 2393 1028; x_wconf 90' lang='lat' dir='ltr'>dicitur</span> 
     </span>
     <span class='ocr_line' id='line_1_8' title="bbox 489 1064 2393 1144; baseline 0.001 -20"><span class='ocrx_word' id='word_1_56' title='bbox 489 1066 506 1095; x_wconf 87' lang='lat'>‘</span> <span class='ocrx_word' id='word_1_57' title='bbox 524 1065 875 1124; x_wconf 87' lang='lat' dir='ltr'>senectute.’</span> <span class='ocrx_word' id='word_1_58' title='bbox 962 1065 1084 1125; x_wconf 90' lang='lat' dir='ltr'>Sed</span> <span class='ocrx_word' id='word_1_59' title='bbox 1113 1064 1357 1124; x_wconf 90' lang='lat' dir='ltr'>vivendi</span> <span class='ocrx_word' id='word_1_60' title='bbox 1387 1077 1480 1126; x_wconf 87' lang='lat' dir='ltr'>est</span> <span class='ocrx_word' id='word_1_61' title='bbox 1508 1067 1648 1127; x_wconf 87' lang='lat' dir='ltr'>finis</span> <span class='ocrx_word' id='word_1_62' title='bbox 1676 1066 1960 1144; x_wconf 83' lang='lat' dir='ltr'>optimuS‚</span> <span class='ocrx_word' id='word_1_63' title='bbox 1989 1085 2128 1127; x_wconf 89' lang='lat' dir='ltr'>cum</span> <span class='ocrx_word' id='word_1_64' title='bbox 2157 1066 2393 1144; x_wconf 90' lang='lat' dir='ltr'>integra</span> 
     </span>
     <span class='ocr_line' id='line_1_9' title="bbox 488 1161 2391 1242; baseline 0.001 -22"><span class='ocrx_word' id='word_1_65' title='bbox 488 1171 691 1220; x_wconf 89' lang='lat' dir='ltr'>mente</span> <span class='ocrx_word' id='word_1_66' title='bbox 734 1161 1034 1238; x_wconf 90' lang='lat' dir='ltr'>certisque</span> <span class='ocrx_word' id='word_1_67' title='bbox 1074 1164 1355 1223; x_wconf 89' lang='lat' dir='ltr'>sensibus</span> <span class='ocrx_word' id='word_1_68' title='bbox 1393 1183 1550 1242; x_wconf 90' lang='lat' dir='ltr'>opus</span> <span class='ocrx_word' id='word_1_69' title='bbox 1593 1164 1725 1241; x_wconf 89' lang='lat' dir='ltr'>ipsa</span> <span class='ocrx_word' id='word_1_70' title='bbox 1763 1183 1936 1224; x_wconf 90' lang='lat' dir='ltr'>suum</span> <span class='ocrx_word' id='word_1_71' title='bbox 1977 1163 2191 1223; x_wconf 87' lang='lat' dir='ltr'>eadem</span> <span class='ocrx_word' id='word_1_72' title='bbox 2233 1182 2391 1240; x_wconf 88' lang='lat' dir='ltr'>quae</span> 
     </span>
     <span class='ocr_line' id='line_1_10' title="bbox 488 1259 2390 1336; baseline 0.001 -19"><span class='ocrx_word' id='word_1_73' title='bbox 488 1259 938 1336; x_wconf 88' lang='lat' dir='ltr'>coagmentavit</span> <span class='ocrx_word' id='word_1_74' title='bbox 960 1270 1177 1319; x_wconf 88' lang='lat' dir='ltr'>natura</span> <span class='ocrx_word' id='word_1_75' title='bbox 1197 1262 1491 1321; x_wconf 87' lang='lat' dir='ltr'>dissolvit.</span> <span class='ocrx_word' id='word_1_76' title='bbox 1580 1262 1668 1321; x_wconf 93' lang='lat' dir='ltr'>Ut</span> <span class='ocrx_word' id='word_1_77' title='bbox 1697 1280 1930 1334; x_wconf 88' lang='lat' dir='ltr'>navem,</span> <span class='ocrx_word' id='word_1_78' title='bbox 1955 1271 2022 1320; x_wconf 91' lang='lat' dir='ltr'>ut</span> <span class='ocrx_word' id='word_1_79' title='bbox 2051 1260 2390 1320; x_wconf 89' lang='lat' dir='ltr'>aedificium</span> 
     </span>
     <span class='ocr_line' id='line_1_11' title="bbox 488 1356 2391 1436; baseline 0.002 -22"><span class='ocrx_word' id='word_1_80' title='bbox 488 1356 650 1415; x_wconf 90' lang='lat' dir='ltr'>idem</span> <span class='ocrx_word' id='word_1_81' title='bbox 707 1357 960 1418; x_wconf 89' lang='lat' dir='ltr'>destruit</span> <span class='ocrx_word' id='word_1_82' title='bbox 1011 1357 1297 1417; x_wconf 80' lang='lat' dir='ltr'>facillime</span> <span class='ocrx_word' id='word_1_83' title='bbox 1360 1359 1463 1436; x_wconf 90' lang='lat' dir='ltr'>qui</span> <span class='ocrx_word' id='word_1_84' title='bbox 1525 1357 1876 1432; x_wconf 87' lang='lat' dir='ltr'>construxit,</span> <span class='ocrx_word' id='word_1_85' title='bbox 1935 1358 2022 1418; x_wconf 92' lang='lat' dir='ltr'>sic</span> <span class='ocrx_word' id='word_1_86' title='bbox 2083 1358 2391 1417; x_wconf 89' lang='lat' dir='ltr'>hominem</span> 
     </span>
     <span class='ocr_line' id='line_1_12' title="bbox 466 1455 2392 1536; baseline -0.002 -19"><span class='ocrx_word' id='word_1_87' title='bbox 466 1455 703 1536; x_wconf 78' lang='lat' dir='ltr'>eadem</span> <span class='ocrx_word' id='word_1_88' title='bbox 725 1456 953 1533; x_wconf 89' lang='lat' dir='ltr'>optime</span> <span class='ocrx_word' id='word_1_89' title='bbox 978 1474 1132 1532; x_wconf 89' lang='lat' dir='ltr'>quae</span> <span class='ocrx_word' id='word_1_90' title='bbox 1161 1455 1602 1533; x_wconf 88' lang='lat' dir='ltr'>conglutinavit</span> <span class='ocrx_word' id='word_1_91' title='bbox 1631 1465 1847 1514; x_wconf 88' lang='lat' dir='ltr'>natura</span> <span class='ocrx_word' id='word_1_92' title='bbox 1875 1456 2173 1516; x_wconf 91' lang='lat' dir='ltr'>dissolvit.</span> <span class='ocrx_word' id='word_1_93' title='bbox 2260 1458 2392 1514; x_wconf 89' lang='lat' dir='ltr'>Iam</span> 
     </span>
     <span class='ocr_line' id='line_1_13' title="bbox 488 1546 2395 1631; baseline 0 -20"><span class='ocrx_word' id='word_1_94' title='bbox 488 1546 685 1611; x_wconf 83' lang='lat' dir='ltr'>omnis</span> <span class='ocrx_word' id='word_1_95' title='bbox 708 1552 1146 1631; x_wconf 89' lang='lat' dir='ltr'>conglutinatio</span> <span class='ocrx_word' id='word_1_96' title='bbox 1176 1570 1388 1612; x_wconf 90' lang='lat' dir='ltr'>recens</span> <span class='ocrx_word' id='word_1_97' title='bbox 1420 1572 1615 1631; x_wconf 89' lang='lat' dir='ltr'>aegre,</span> <span class='ocrx_word' id='word_1_98' title='bbox 1641 1553 1976 1612; x_wconf 89' lang='lat' dir='ltr'>inveterata</span> <span class='ocrx_word' id='word_1_99' title='bbox 2002 1553 2181 1612; x_wconf 79' lang='lat' dir='ltr'>facile</span> <span class='ocrx_word' id='word_1_100' title='bbox 2211 1552 2395 1611; x_wconf 90' lang='lat' dir='ltr'>divel-</span> 
     </span>
     <span class='ocr_line' id='line_1_14' title="bbox 490 1650 2392 1726; baseline 0.001 -18"><span class='ocrx_word' id='word_1_101' title='bbox 490 1650 649 1709; x_wconf 90' lang='lat' dir='ltr'>litur.</span> <span class='ocrx_word' id='word_1_102' title='bbox 735 1653 833 1709; x_wconf 89' lang='lat' dir='ltr'>Ita</span> <span class='ocrx_word' id='word_1_103' title='bbox 874 1650 943 1709; x_wconf 94' lang='lat' dir='ltr'>fit</span> <span class='ocrx_word' id='word_1_104' title='bbox 985 1660 1051 1709; x_wconf 93' lang='lat' dir='ltr'>ut</span> <span class='ocrx_word' id='word_1_105' title='bbox 1092 1650 1239 1710; x_wconf 91' lang='lat' dir='ltr'>illud</span> <span class='ocrx_word' id='word_1_106' title='bbox 1285 1651 1469 1710; x_wconf 87' lang='lat' dir='ltr'>breve</span> <span class='ocrx_word' id='word_1_107' title='bbox 1512 1650 1671 1709; x_wconf 89' lang='lat' dir='ltr'>vitae</span> <span class='ocrx_word' id='word_1_108' title='bbox 1715 1650 2009 1726; x_wconf 89' lang='lat' dir='ltr'>reliquum</span> <span class='ocrx_word' id='word_1_109' title='bbox 2053 1669 2166 1709; x_wconf 92' lang='lat' dir='ltr'>nec</span> <span class='ocrx_word' id='word_1_110' title='bbox 2217 1651 2392 1709; x_wconf 89' lang='lat' dir='ltr'>avide</span> 
     </span>
     <span class='ocr_line' id='line_1_15' title="bbox 489 1746 2393 1825; baseline 0 -19"><span class='ocrx_word' id='word_1_111' title='bbox 489 1748 900 1825; x_wconf 90' lang='lat' dir='ltr'>appetendum</span> <span class='ocrx_word' id='word_1_112' title='bbox 951 1747 1199 1807; x_wconf 90' lang='lat' dir='ltr'>senibus</span> <span class='ocrx_word' id='word_1_113' title='bbox 1246 1766 1358 1806; x_wconf 93' lang='lat' dir='ltr'>nec</span> <span class='ocrx_word' id='word_1_114' title='bbox 1409 1746 1541 1807; x_wconf 91' lang='lat' dir='ltr'>sine</span> <span class='ocrx_word' id='word_1_115' title='bbox 1591 1766 1777 1806; x_wconf 89' lang='lat' dir='ltr'>causa</span> <span class='ocrx_word' id='word_1_116' title='bbox 1826 1747 2226 1806; x_wconf 89' lang='lat' dir='ltr'>deserendum</span> <span class='ocrx_word' id='word_1_117' title='bbox 2278 1747 2393 1822; x_wconf 85' lang='lat' dir='ltr'>sit3</span> 
     </span>
     <span class='ocr_line' id='line_1_16' title="bbox 385 1844 2392 1924; baseline -0 -19"><span class='ocrx_word' id='word_1_118' title='bbox 385 1862 456 1924; x_wconf 84' lang='lat'>73</span> <span class='ocrx_word' id='word_1_119' title='bbox 487 1856 773 1923; x_wconf 89' lang='lat' dir='ltr'>vetatque</span> <span class='ocrx_word' id='word_1_120' title='bbox 818 1846 1192 1923; x_wconf 89' lang='lat' dir='ltr'>Pythagoras</span> <span class='ocrx_word' id='word_1_121' title='bbox 1235 1844 1466 1903; x_wconf 85' lang='lat' dir='ltr'>iniussu</span> <span class='ocrx_word' id='word_1_122' title='bbox 1513 1844 1910 1921; x_wconf 80' lang='lat' dir='ltr'>imperatori5‚</span> <span class='ocrx_word' id='word_1_123' title='bbox 1943 1844 2004 1903; x_wconf 92' lang='lat' dir='ltr'>id</span> <span class='ocrx_word' id='word_1_124' title='bbox 2034 1855 2128 1904; x_wconf 89' lang='lat' dir='ltr'>est</span> <span class='ocrx_word' id='word_1_125' title='bbox 2167 1844 2284 1917; x_wconf 87' lang='lat' dir='ltr'>dei,</span> <span class='ocrx_word' id='word_1_126' title='bbox 2316 1845 2392 1904; x_wconf 86' lang='lat' dir='ltr'>de</span> 
     </span>
     <span class='ocr_line' id='line_1_17' title="bbox 487 1942 2393 2022; baseline -0.001 -19"><span class='ocrx_word' id='word_1_127' title='bbox 487 1942 901 2022; x_wconf 1' lang='lat' dir='ltr'>praesidioget</span> <span class='ocrx_word' id='word_1_128' title='bbox 945 1942 1208 2002; x_wconf 88' lang='lat' dir='ltr'>statione</span> <span class='ocrx_word' id='word_1_129' title='bbox 1250 1942 1410 2003; x_wconf 87' lang='lat' dir='ltr'>vitae</span> <span class='ocrx_word' id='word_1_130' title='bbox 1457 1942 1772 2002; x_wconf 88' lang='lat' dir='ltr'>decedere.</span> <span class='ocrx_word' id='word_1_131' title='bbox 1859 1942 2102 2002; x_wconf 79' lang='lat' dir='ltr'>Solonis</span> <span class='ocrx_word' id='word_1_132' title='bbox 2148 1942 2393 2019; x_wconf 89' lang='lat' dir='ltr'>quidem</span> 
     </span>
     <span class='ocr_line' id='line_1_18' title="bbox 488 2039 2392 2119; baseline -0.001 -18"><span class='ocrx_word' id='word_1_133' title='bbox 488 2040 781 2119; x_wconf 89' lang='lat' dir='ltr'>sapientis</span> <span class='ocrx_word' id='word_1_134' title='bbox 823 2050 918 2100; x_wconf 90' lang='lat' dir='ltr'>est</span> <span class='ocrx_word' id='word_1_135' title='bbox 955 2039 1236 2118; x_wconf 89' lang='lat' dir='ltr'>elogium,</span> <span class='ocrx_word' id='word_1_136' title='bbox 1270 2060 1392 2117; x_wconf 89' lang='lat' dir='ltr'>quo</span> <span class='ocrx_word' id='word_1_137' title='bbox 1433 2058 1500 2098; x_wconf 89' lang='lat' dir='ltr'>se</span> <span class='ocrx_word' id='word_1_138' title='bbox 1541 2049 1722 2117; x_wconf 88' lang='lat' dir='ltr'>negat</span> <span class='ocrx_word' id='word_1_139' title='bbox 1750 2040 1905 2098; x_wconf 91' lang='lat' dir='ltr'>velle</span> <span class='ocrx_word' id='word_1_140' title='bbox 1936 2059 2106 2100; x_wconf 89' lang='lat' dir='ltr'>suam</span> <span class='ocrx_word' id='word_1_141' title='bbox 2138 2051 2392 2100; x_wconf 89' lang='lat' dir='ltr'>mortem</span> 
     </span>
     <span class='ocr_line' id='line_1_19' title="bbox 488 2136 2392 2210; baseline 0 -13"><span class='ocrx_word' id='word_1_142' title='bbox 488 2140 700 2198; x_wconf 91' lang='lat' dir='ltr'>dolore</span> <span class='ocrx_word' id='word_1_143' title='bbox 747 2137 1074 2197; x_wconf 89' lang='lat' dir='ltr'>amicorum</span> <span class='ocrx_word' id='word_1_144' title='bbox 1120 2146 1182 2196; x_wconf 87' lang='lat' dir='ltr'>et</span> <span class='ocrx_word' id='word_1_145' title='bbox 1225 2136 1507 2196; x_wconf 90' lang='lat' dir='ltr'>lamentis</span> <span class='ocrx_word' id='word_1_146' title='bbox 1548 2155 1783 2196; x_wconf 89' lang='lat' dir='ltr'>vacare.</span> <span class='ocrx_word' id='word_1_147' title='bbox 1868 2136 2033 2210; x_wconf 91' lang='lat' dir='ltr'>Volt,</span> <span class='ocrx_word' id='word_1_148' title='bbox 2079 2138 2281 2210; x_wconf 89' lang='lat' dir='ltr'>cred0‚</span> <span class='ocrx_word' id='word_1_149' title='bbox 2326 2156 2392 2197; x_wconf 93' lang='lat' dir='ltr'>se</span> 
     </span>
     <span class='ocr_line' id='line_1_20' title="bbox 487 2234 2245 2296; baseline -0.001 0"><span class='ocrx_word' id='word_1_150' title='bbox 487 2255 623 2296; x_wconf 88' lang='lat' dir='ltr'>esse</span> <span class='ocrx_word' id='word_1_151' title='bbox 654 2255 859 2296; x_wconf 89' lang='lat' dir='ltr'>carum</span> <span class='ocrx_word' id='word_1_152' title='bbox 888 2234 1031 2295; x_wconf 89' lang='lat' dir='ltr'>suis.</span> <span class='ocrx_word' id='word_1_153' title='bbox 1117 2235 1239 2293; x_wconf 91' lang='lat' dir='ltr'>Sed</span> <span class='ocrx_word' id='word_1_154' title='bbox 1269 2234 1434 2294; x_wconf 92' lang='lat' dir='ltr'>haud</span> <span class='ocrx_word' id='word_1_155' title='bbox 1465 2234 1592 2294; x_wconf 90' lang='lat' dir='ltr'>scio</span> <span class='ocrx_word' id='word_1_156' title='bbox 1623 2254 1697 2294; x_wconf 90' lang='lat' dir='ltr'>an</span> <span class='ocrx_word' id='word_1_157' title='bbox 1732 2235 1946 2295; x_wconf 87' lang='lat' dir='ltr'>melius</span> <span class='ocrx_word' id='word_1_158' title='bbox 1978 2235 2245 2295; x_wconf 86' lang='lat' dir='ltr'>Ennius:</span> 
     </span>
    </p>
   </div>
   <div class='ocr_carea' id='block_1_3' title="bbox 676 2387 2129 2560">
    <p class='ocr_par' dir='ltr' id='par_1_3' title="bbox 676 2387 2129 2560">
     <span class='ocr_line' id='line_1_21' title="bbox 693 2387 2129 2464; baseline -0.001 -18"><span class='ocrx_word' id='word_1_159' title='bbox 693 2406 854 2447; x_wconf 81' lang='lat' dir='ltr'>nemo</span> <span class='ocrx_word' id='word_1_160' title='bbox 881 2406 970 2446; x_wconf 85' lang='lat' dir='ltr'>me</span> <span class='ocrx_word' id='word_1_161' title='bbox 991 2387 1269 2446; x_wconf 85' lang='lat' dir='ltr'>lacrumis</span> <span class='ocrx_word' id='word_1_162' title='bbox 1296 2387 1523 2460; x_wconf 82' lang='lat' dir='ltr'>decoret,</span> <span class='ocrx_word' id='word_1_163' title='bbox 1554 2405 1731 2464; x_wconf 81' lang='lat' dir='ltr'>neque</span> <span class='ocrx_word' id='word_1_164' title='bbox 1735 2387 1966 2464; x_wconf 85' lang='lat' dir='ltr'>funera</span> <span class='ocrx_word' id='word_1_165' title='bbox 1971 2389 2129 2464; x_wconf 84' lang='lat' dir='ltr'>fletu</span> 
     </span>
     <span class='ocr_line' id='line_1_22' title="bbox 676 2486 871 2560; baseline -0.015 -16"><span class='ocrx_word' id='word_1_166' title='bbox 676 2486 871 2560; x_wconf 83' lang='lat' dir='ltr'>faxit.</span> 
     </span>
    </p>
   </div>
   <div class='ocr_carea' id='block_1_4' title="bbox 385 2623 2394 3578">
    <p class='ocr_par' dir='ltr' id='par_1_4' title="bbox 385 2623 2394 3578">
     <span class='ocr_line' id='line_1_23' title="bbox 489 2623 2394 2702; baseline 0.002 -21"><span class='ocrx_word' id='word_1_167' title='bbox 489 2624 629 2682; x_wconf 93' lang='lat' dir='ltr'>Non</span> <span class='ocrx_word' id='word_1_168' title='bbox 661 2633 873 2683; x_wconf 89' lang='lat' dir='ltr'>censet</span> <span class='ocrx_word' id='word_1_169' title='bbox 901 2623 1227 2702; x_wconf 89' lang='lat' dir='ltr'>lugendam</span> <span class='ocrx_word' id='word_1_170' title='bbox 1257 2641 1394 2684; x_wconf 90' lang='lat' dir='ltr'>esse</span> <span class='ocrx_word' id='word_1_171' title='bbox 1438 2633 1713 2698; x_wconf 87' lang='lat' dir='ltr'>mortem,</span> <span class='ocrx_word' id='word_1_172' title='bbox 1745 2643 1927 2700; x_wconf 89' lang='lat' dir='ltr'>quam</span> <span class='ocrx_word' id='word_1_173' title='bbox 1972 2623 2394 2685; x_wconf 90' lang='lat' dir='ltr'>immortalitas</span> 
     </span>
     <span class='ocr_line' id='line_1_24' title="bbox 387 2720 2392 2799; baseline 0 -19"><span class='ocrx_word' id='word_1_174' title='bbox 387 2737 459 2798; x_wconf 81' lang='grc'>74</span> <span class='ocrx_word' id='word_1_175' title='bbox 489 2730 921 2797; x_wconf 87' lang='lat' dir='ltr'>consequatur.·</span> <span class='ocrx_word' id='word_1_176' title='bbox 1000 2723 1129 2780; x_wconf 89' lang='lat' dir='ltr'>Iam</span> <span class='ocrx_word' id='word_1_177' title='bbox 1174 2740 1391 2781; x_wconf 90' lang='lat' dir='ltr'>sensus</span> <span class='ocrx_word' id='word_1_178' title='bbox 1430 2720 1728 2779; x_wconf 89' lang='lat' dir='ltr'>moriendi</span> <span class='ocrx_word' id='word_1_179' title='bbox 1758 2720 1976 2798; x_wconf 88' lang='lat' dir='ltr'>aliquis</span> <span class='ocrx_word' id='word_1_180' title='bbox 2005 2739 2142 2781; x_wconf 90' lang='lat' dir='ltr'>esse</span> <span class='ocrx_word' id='word_1_181' title='bbox 2171 2732 2392 2799; x_wconf 90' lang='lat' dir='ltr'>potest,</span> 
     </span>
     <span class='ocr_line' id='line_1_25' title="bbox 490 2816 2392 2897; baseline 0.001 -21"><span class='ocrx_word' id='word_1_182' title='bbox 490 2817 660 2893; x_wconf 87' lang='lat' dir='ltr'>isque</span> <span class='ocrx_word' id='word_1_183' title='bbox 691 2816 767 2875; x_wconf 91' lang='lat' dir='ltr'>ad</span> <span class='ocrx_word' id='word_1_184' title='bbox 798 2817 1077 2894; x_wconf 87' lang='lat' dir='ltr'>exiguum</span> <span class='ocrx_word' id='word_1_185' title='bbox 1103 2828 1359 2895; x_wconf 90' lang='lat' dir='ltr'>tempus,</span> <span class='ocrx_word' id='word_1_186' title='bbox 1385 2818 1740 2895; x_wconf 87' lang='lat' dir='ltr'>praesertim</span> <span class='ocrx_word' id='word_1_187' title='bbox 1765 2819 1933 2879; x_wconf 86' lang='lat' dir='ltr'>seni:</span> <span class='ocrx_word' id='word_1_188' title='bbox 1974 2828 2115 2897; x_wconf 88' lang='lat' dir='ltr'>post</span> <span class='ocrx_word' id='word_1_189' title='bbox 2137 2830 2392 2879; x_wconf 89' lang='lat' dir='ltr'>mortem</span> 
     </span>
     <span class='ocr_line' id='line_1_26' title="bbox 488 2913 2393 2993; baseline 0.002 -21"><span class='ocrx_word' id='word_1_190' title='bbox 488 2913 732 2991; x_wconf 90' lang='lat' dir='ltr'>quidem</span> <span class='ocrx_word' id='word_1_191' title='bbox 777 2933 993 2973; x_wconf 90' lang='lat' dir='ltr'>sensus</span> <span class='ocrx_word' id='word_1_192' title='bbox 1037 2925 1139 2974; x_wconf 90' lang='lat' dir='ltr'>aut</span> <span class='ocrx_word' id='word_1_193' title='bbox 1181 2917 1490 2993; x_wconf 88' lang='lat' dir='ltr'>optandus</span> <span class='ocrx_word' id='word_1_194' title='bbox 1535 2926 1639 2976; x_wconf 91' lang='lat' dir='ltr'>aut</span> <span class='ocrx_word' id='word_1_195' title='bbox 1681 2915 1883 2975; x_wconf 89' lang='lat' dir='ltr'>nullus</span> <span class='ocrx_word' id='word_1_196' title='bbox 1924 2924 2037 2976; x_wconf 89' lang='lat' dir='ltr'>est.</span> <span class='ocrx_word' id='word_1_197' title='bbox 2125 2916 2246 2976; x_wconf 89' lang='lat' dir='ltr'>Sed</span> <span class='ocrx_word' id='word_1_198' title='bbox 2279 2917 2393 2975; x_wconf 92' lang='lat' dir='ltr'>hoc</span> 
     </span>
     <span class='ocr_line' id='line_1_27' title="bbox 489 3011 2393 3092; baseline 0.001 -23"><span class='ocrx_word' id='word_1_199' title='bbox 489 3011 844 3070; x_wconf 90' lang='lat' dir='ltr'>meditatum</span> <span class='ocrx_word' id='word_1_200' title='bbox 875 3011 952 3070; x_wconf 90' lang='lat' dir='ltr'>ab</span> <span class='ocrx_word' id='word_1_201' title='bbox 982 3011 1399 3072; x_wconf 87' lang='lat' dir='ltr'>adulescentia</span> <span class='ocrx_word' id='word_1_202' title='bbox 1421 3014 1607 3074; x_wconf 89' lang='lat' dir='ltr'>debet</span> <span class='ocrx_word' id='word_1_203' title='bbox 1635 3033 1789 3086; x_wconf 87' lang='lat' dir='ltr'>esse,</span> <span class='ocrx_word' id='word_1_204' title='bbox 1815 3022 2071 3073; x_wconf 89' lang='lat' dir='ltr'>mortem</span> <span class='ocrx_word' id='word_1_205' title='bbox 2100 3022 2167 3072; x_wconf 92' lang='lat' dir='ltr'>ut</span> <span class='ocrx_word' id='word_1_206' title='bbox 2196 3013 2393 3092; x_wconf 89' lang='lat' dir='ltr'>negle-</span> 
     </span>
     <span class='ocr_line' id='line_1_28' title="bbox 486 3107 2393 3189; baseline 0 -21"><span class='ocrx_word' id='word_1_207' title='bbox 486 3127 743 3187; x_wconf 81' lang='lat' dir='ltr'>gamus3</span> <span class='ocrx_word' id='word_1_208' title='bbox 797 3107 927 3167; x_wconf 90' lang='lat' dir='ltr'>sine</span> <span class='ocrx_word' id='word_1_209' title='bbox 985 3128 1107 3186; x_wconf 89' lang='lat' dir='ltr'>qua</span> <span class='ocrx_word' id='word_1_210' title='bbox 1162 3111 1557 3170; x_wconf 87' lang='lat' dir='ltr'>meditatione</span> <span class='ocrx_word' id='word_1_211' title='bbox 1614 3112 1941 3189; x_wconf 87' lang='lat' dir='ltr'>tranquillo</span> <span class='ocrx_word' id='word_1_212' title='bbox 1998 3110 2201 3170; x_wconf 89' lang='lat' dir='ltr'>animo</span> <span class='ocrx_word' id='word_1_213' title='bbox 2256 3129 2393 3170; x_wconf 90' lang='lat' dir='ltr'>esse</span> 
     </span>
     <span class='ocr_line' id='line_1_29' title="bbox 489 3204 2391 3283; baseline 0.001 -19"><span class='ocrx_word' id='word_1_214' title='bbox 489 3223 670 3265; x_wconf 87' lang='lat' dir='ltr'>nemo</span> <span class='ocrx_word' id='word_1_215' title='bbox 698 3215 918 3283; x_wconf 90' lang='lat' dir='ltr'>potest.</span> <span class='ocrx_word' id='word_1_216' title='bbox 1009 3204 1394 3264; x_wconf 91' lang='lat' dir='ltr'>Moriendum</span> <span class='ocrx_word' id='word_1_217' title='bbox 1440 3207 1602 3266; x_wconf 89' lang='lat' dir='ltr'>enim</span> <span class='ocrx_word' id='word_1_218' title='bbox 1645 3218 1808 3267; x_wconf 89' lang='lat' dir='ltr'>certe</span> <span class='ocrx_word' id='word_1_219' title='bbox 1852 3218 1963 3281; x_wconf 90' lang='lat' dir='ltr'>est,</span> <span class='ocrx_word' id='word_1_220' title='bbox 1996 3217 2058 3266; x_wconf 93' lang='lat' dir='ltr'>et</span> <span class='ocrx_word' id='word_1_221' title='bbox 2100 3206 2391 3266; x_wconf 90' lang='lat' dir='ltr'>incertum</span> 
     </span>
     <span class='ocr_line' id='line_1_30' title="bbox 490 3302 2393 3381; baseline 0.001 -20"><span class='ocrx_word' id='word_1_222' title='bbox 490 3322 568 3361; x_wconf 93' lang='lat' dir='ltr'>an</span> <span class='ocrx_word' id='word_1_223' title='bbox 597 3303 715 3362; x_wconf 87' lang='lat' dir='ltr'>hoc</span> <span class='ocrx_word' id='word_1_224' title='bbox 744 3302 878 3379; x_wconf 90' lang='lat' dir='ltr'>ipso</span> <span class='ocrx_word' id='word_1_225' title='bbox 908 3302 1024 3362; x_wconf 88' lang='lat' dir='ltr'>die.</span> <span class='ocrx_word' id='word_1_226' title='bbox 1113 3304 1378 3362; x_wconf 90' lang='lat' dir='ltr'>Mortem</span> <span class='ocrx_word' id='word_1_227' title='bbox 1421 3303 1601 3381; x_wconf 90' lang='lat' dir='ltr'>igitur</span> <span class='ocrx_word' id='word_1_228' title='bbox 1636 3305 1921 3365; x_wconf 89' lang='lat' dir='ltr'>omnibus</span> <span class='ocrx_word' id='word_1_229' title='bbox 1961 3305 2126 3365; x_wconf 91' lang='lat' dir='ltr'>horis</span> <span class='ocrx_word' id='word_1_230' title='bbox 2166 3304 2393 3381; x_wconf 90' lang='lat' dir='ltr'>impen-</span> 
     </span>
     <span class='ocr_line' id='line_1_31' title="bbox 385 3399 2391 3479; baseline 0.001 -21"><span class='ocrx_word' id='word_1_231' title='bbox 385 3415 457 3478; x_wconf 84' lang='lat'>75</span> <span class='ocrx_word' id='word_1_232' title='bbox 489 3400 734 3460; x_wconf 91' lang='lat' dir='ltr'>dentem</span> <span class='ocrx_word' id='word_1_233' title='bbox 781 3399 999 3460; x_wconf 90' lang='lat' dir='ltr'>timens</span> <span class='ocrx_word' id='word_1_234' title='bbox 1029 3399 1131 3476; x_wconf 90' lang='lat' dir='ltr'>qui</span> <span class='ocrx_word' id='word_1_235' title='bbox 1174 3400 1398 3476; x_wconf 88' lang='lat' dir='ltr'>poterit</span> <span class='ocrx_word' id='word_1_236' title='bbox 1440 3401 1643 3460; x_wconf 89' lang='lat' dir='ltr'>animo</span> <span class='ocrx_word' id='word_1_237' title='bbox 1686 3402 2064 3461; x_wconf 81' lang='lat' dir='ltr'>consistere?</span> <span class='ocrx_word' id='word_1_238' title='bbox 2151 3403 2246 3461; x_wconf 91' lang='lat' dir='ltr'>De</span> <span class='ocrx_word' id='word_1_239' title='bbox 2276 3421 2391 3479; x_wconf 86' lang='lat' dir='ltr'>qua</span> 
     </span>
     <span class='ocr_line' id='line_1_32' title="bbox 489 3496 2388 3578; baseline 0.001 -22"><span class='ocrx_word' id='word_1_240' title='bbox 489 3515 613 3557; x_wconf 89' lang='lat' dir='ltr'>non</span> <span class='ocrx_word' id='word_1_241' title='bbox 657 3496 746 3558; x_wconf 88' lang='lat' dir='ltr'>ita</span> <span class='ocrx_word' id='word_1_242' title='bbox 786 3497 973 3576; x_wconf 88' lang='lat' dir='ltr'>longa</span> <span class='ocrx_word' id='word_1_243' title='bbox 1011 3496 1424 3574; x_wconf 88' lang='lat' dir='ltr'>disputatione</span> <span class='ocrx_word' id='word_1_244' title='bbox 1467 3516 1623 3578; x_wconf 89' lang='lat' dir='ltr'>opus</span> <span class='ocrx_word' id='word_1_245' title='bbox 1665 3515 1801 3558; x_wconf 90' lang='lat' dir='ltr'>esse</span> <span class='ocrx_word' id='word_1_246' title='bbox 1841 3497 2099 3574; x_wconf 86' lang='lat' dir='ltr'>videtur,</span> <span class='ocrx_word' id='word_1_247' title='bbox 2129 3517 2266 3559; x_wconf 89' lang='lat' dir='ltr'>cum</span> <span class='ocrx_word' id='word_1_248' title='bbox 2310 3517 2388 3558; x_wconf 79' lang='lat' dir='ltr'>re</span> 
     </span>
    </p>
   </div>
  </div>
 </body>
</html>
