2788 3999
447 288 523 341 11.
552 288 606 358 8]
646 304 648 306 ·
1117 288 1224 341 DE
1276 288 1683 344 AM1c1T1A.
2305 294 2342 358 3

440 474 571 524 tota
618 464 950 541 disputatio
999 474 1093 522 est
1142 463 1218 521 de
1271 463 1551 538 amicitia,
1603 483 1786 542 quam
1837 464 2047 543 legens
2098 475 2158 526 te
2214 466 2345 545 ipse

438 579 791 640 cognosces,

521 661 605 718 ΙΙ.
667 660 977 718 FANNIUS.
1053 660 1206 718 Sunt
1236 656 1369 729 ista,
1404 657 1614 732 Laeli3
1668 677 1781 718 nec
1811 659 1971 718 enim
2014 662 2227 722 melior
2255 664 2346 723 vir
2374 663 2407 723 6

436 756 550 815 fuit
604 756 889 817 Africano
945 757 1265 833 quisquam
1319 774 1433 816 nec
1482 756 1947 868 dadon-„Sid
1998 760 2343 821 existimare

437 853 626 912 debes
656 854 924 913 omnium
973 854 1184 912 oculos
1230 852 1293 911 in
1342 862 1403 912 te
1449 871 1586 912 esse
1631 864 1945 915 contectos
1994 875 2182 915 unum
2204 879 2222 932 3
2282 867 2341 918 te

437 950 772 1027 sapientem
803 961 865 1009 et
895 951 1205 1028 appellant
1238 961 1297 1009 et
1327 950 1692 1010 existimant.
1778 951 2189 1013 Tribuebatur
2227 957 2346 1016 hoc

437 1048 619 1106 modo
652 1049 739 1107 M.
774 1047 1012 1120 Catoni,
1047 1047 1270 1106 scimus
1296 1048 1364 1106 L.
1396 1046 1655 1105 Acilium
1680 1047 1842 1125 apud
1872 1060 2078 1125 patres
2103 1062 2346 1112 nostros

435 1144 805 1221 appellatum
852 1162 987 1203 esse
1034 1144 1389 1220 sapientem,
1441 1144 1550 1222 sed
1598 1154 1854 1222 uterque
1905 1147 2024 1205 alio
2076 1149 2342 1225 quodam

434 1243 633 1315 mode,
660 1241 892 1301 Acilius
923 1241 1065 1318 quia
1095 1242 1363 1318 prudens
1397 1260 1532 1300 esse
1563 1241 1624 1298 in
1655 1241 1782 1300 iure
1805 1243 1964 1301 civili
1993 1246 2338 1321 putabatur,

435 1338 593 1397 Cato
636 1338 778 1415 quia
821 1338 1142 1396 multarum
1185 1356 1383 1396 rerum
1416 1357 1590 1398 usum
1634 1338 1935 1399 habebat:
1992 1342 2183 1401 multa
2213 1346 2342 1403 eius

432 1445 494 1494 et
535 1435 598 1494 in
641 1446 857 1495 senatu
900 1445 961 1493 et
1004 1435 1064 1493 in
1108 1436 1242 1494 foro
1280 1435 1375 1493 vel
1419 1434 1663 1512 provisa
1706 1436 2036 1513 prudenter
2064 1440 2161 1497 vel
2206 1450 2344 1499 acta

432 1542 784 1591 constanter
804 1533 899 1591 vel
932 1550 1226 1609 responsa
1251 1543 1428 1591 acute
1456 1532 1825 1605 ferebantur,
1848 1544 2172 1611 propterea
2201 1555 2343 1614 qua·

431 1630 482 1688 si
523 1649 861 1708 cognomen
913 1630 1031 1689 iam
1083 1629 1352 1689 habebat
1396 1629 1457 1687 in
1498 1640 1811 1689 senectute
1851 1632 2165 1708 sapientis.
2248 1635 2339 1693 Te
2372 1652 2399 1712 7

431 1737 632 1786 autem
663 1728 782 1786 alio
814 1728 1081 1805 quodam
1113 1726 1297 1786 modo
1328 1745 1453 1785 non
1484 1725 1681 1785 solum
1719 1738 1932 1785 natura
1960 1738 2022 1787 et
2052 1730 2338 1804 moribuS‚

429 1843 636 1883 verum
659 1825 841 1884 etiam
865 1824 1068 1884 studio
1093 1834 1155 1883 et
1179 1824 1460 1883 doctrina
1491 1842 1627 1883 esse
1659 1824 2015 1901 sapientem,
2043 1845 2156 1886 nec
2184 1828 2340 1887 sicut

428 1923 659 2001 volguS‚
685 1923 794 1982 sed
818 1932 884 1981 ut
906 1922 1125 1981 eruditi
1156 1922 1355 1981 solent
1378 1921 1687 1999 appellare
1711 1921 2069 1997 sapientem,
2096 1925 2338 2001 qualem

361 2079 364 2082 ,
430 2020 487 2078 in
513 2020 773 2080 Graecia
795 2020 1029 2098 reliqua
1048 2020 1352 2079 neminem
1370 2053 1454 2064 —
1471 2039 1610 2077 nam
1637 2019 1741 2095 qui
1772 2030 2003 2096 septem
2033 2023 2340 2099 appellan-

427 2128 539 2190 tur,
572 2136 679 2177 eos
710 2118 813 2195 qui
843 2120 959 2177 ista
982 2118 1264 2177 subtilius
1286 2126 1588 2195 quaerunt
1611 2116 1671 2174 in
1696 2135 1948 2175 numero
1972 2118 2335 2194 sapientium

428 2234 549 2274 non
580 2216 906 2274 habent—
930 2215 1187 2274 Athenis
1217 2234 1404 2274 unum
1438 2213 1783 2291 accepimus
1823 2223 1900 2272 et·
1921 2233 2057 2273 eum
2090 2216 2335 2292 quidem

428 2313 730 2390 Apollinis
760 2314 1006 2373 oraculo
1037 2311 1549 2389 sapientissimum
1584 2311 1948 2370 iudicatum:
2009 2312 2168 2371 hanc
2196 2331 2333 2373 esse

426 2408 486 2467 in
526 2420 585 2469 te
629 2410 989 2487 sapientiam
1033 2409 1398 2482 existimant,
1431 2418 1498 2467 ut
1540 2408 1745 2467 omnia
1784 2418 1888 2467 tua
1932 2408 1992 2465 in
2028 2418 2088 2466 te
2131 2410 2335 2485 posita

425 2528 559 2569 esse
603 2509 792 2569 ducas
836 2511 1256 2586 humanosque
1302 2525 1482 2567 casus
1512 2506 1732 2564 virtute
1776 2501 2091 2564 inferiores
2134 2516 2328 2582 putes,

427 2608 643 2684 Itaque
688 2625 762 2665 ex
805 2626 902 2666 me
949 2615 1264 2684 quaerunt,
1309 2605 1495 2663 credo
1545 2621 1621 2661 ex
1666 2603 1784 2660 hoc
1831 2601 1975 2660 item
2020 2602 2331 2675 Scaevola,

423 2724 688 2782 quonam
719 2715 900 2782 pacto
931 2714 1183 2763 mortem
1210 2701 1483 2762 Africani
1511 2702 1691 2774 seraS,
1717 2718 1913 2777 eoque
1943 2699 2135 2777 magis
2165 2702 2330 2777 quod

421 2802 710 2878 proximis
751 2802 965 2875 Nonis,
1011 2820 1149 2860 cum
1192 2800 1254 2858 in
1297 2801 1507 2859 hortos
1548 2800 1624 2857 D.
1671 2797 1840 2856 Bruti
1884 2797 2126 2875 auguris
2172 2816 2331 2856 oom-

421 2900 734 2960 mentandi
774 2919 976 2975 causa,
1008 2909 1076 2958 ut
1116 2900 1356 2971 assolet,
1386 2897 1784 2968 venissemus,
1816 2906 1880 2955 tu
1918 2914 2039 2954 non
2081 2894 2326 2970 affuisti,

421 2996 524 3074 qui
548 2998 1004 3077 diligentissime
1025 3015 1265 3074 semper
1286 2995 1455 3054 illum
1479 2993 1641 3053 diem
1671 3004 1734 3053 et
1763 2993 1911 3052 illud
1944 3011 2162 3053 munus
2191 2993 2331 3052 soli·

420 3102 518 3154 tus
547 3114 715 3155 esses
745 3096 931 3156 obire.

504 3193 849 3252 ScAEvom.
936 3192 1253 3266 Quaerunt
1295 3189 1559 3267 quidem,
1593 3190 1662 3249 C.
1710 3187 1896 3261 Laeli,
1943 3187 2214 3263 multum,
2260 3198 2328 3249 ut
2355 3191 2389 3248 8

420 3298 511 3347 est
555 3308 592 3346 a
623 3288 858 3349 Fannio
900 3289 1145 3360 dictum,
1179 3288 1288 3347 sed
1331 3304 1445 3364 ego
1488 3286 1549 3344 id
1593 3286 1954 3362 responde0,
1987 3286 2153 3362 quod
2198 3284 2325 3343 ani-

421 3404 582 3444 mum
630 3384 882 3459 adverti,
914 3396 974 3445 te
1020 3386 1289 3444 dolorem
1338 3402 1519 3460 quem
1567 3381 1874 3459 acceperis
1919 3390 2057 3440 cum
2104 3382 2324 3440 summi

418 3481 528 3541 viri
558 3491 683 3542 tum
715 3482 1059 3543 amicissimi
1092 3494 1285 3541 morte
1322 3481 1826 3562 ferre-moderate
1843 3499 1861 3553 3
1904 3497 2017 3540 nec
2049 3477 2323 3556 potuisse
