2788 3999
421 341 675 396 xxvn.
708 340 834 413 101]
1086 338 1195 390 m:
1249 336 1653 390 AMICITIA.
2190 323 2276 399 37
2336 312 2342 318 ’

417 509 576 569 enim
601 507 888 568 facillime
919 505 1280 584 agnoscitur,
1303 504 1529 581 quippe
1559 502 1663 581 qui
1691 502 1873 561 etiam
1896 498 2280 559 adversando

418 625 600 684 saepe
660 612 1002 663 assentetur
1049 612 1110 661 et
1166 601 1402 678 litigare
1463 619 1529 660 se
1586 600 1878 659 simulans
1932 596 2280 656 blandiatur

417 714 598 779 atque
639 701 720 761 ad
758 711 1089 760 extremum
1122 699 1225 758 det
1255 717 1471 757 manus
1500 696 1779 774 vincique
1809 713 1874 754 se
1903 694 2182 771 patiatur,
2214 701 2281 752 ut

418 801 485 873 is,
518 799 620 877 qui
665 799 875 858 illusus
919 797 1014 869 sit,
1046 796 1183 872 plus
1217 795 1443 855 vidisse
1485 795 1781 854 videatur.
1864 791 2031 867 Quid
2073 800 2278 849 autem

417 898 644 973 turpius
674 915 854 975 quam
886 894 1092 954 illudi?
1161 893 1346 968 Quod
1376 902 1443 952 ut
1473 909 1549 951 ne
1580 890 1817 950 accidat
1845 888 2039 968 magis
2066 905 2282 948 caven·

418 994 557 1051 dum
590 1005 719 1053 est:

657 1133 727 1184 ut
749 1145 838 1185 me
860 1125 1026 1183 hodie
1051 1130 1184 1182 ante
1208 1122 1394 1181 omnis
1420 1121 1654 1179 comicos
1678 1122 1885 1178 stultos
1910 1135 2065 1177 senes

655 1224 911 1283 versaris
937 1230 1109 1299 atque
1133 1220 1421 1279 illusseris
1448 1217 1818 1295 lautis-sime(

421 1377 597 1434 Haec
637 1374 799 1435 enim
841 1374 1020 1433 etlam
1066 1373 1126 1431 in
1168 1373 1394 1432 fabulis
1451 1369 1810 1430 stultissima
1864 1385 2129 1444 persona
2182 1374 2278 1425 est

416 1472 885 1549 improvidorum
925 1482 986 1530 et
1028 1470 1408 1530 credulorum
1454 1486 1685 1527 senum.
1770 1464 1887 1524 Sed
1918 1463 2125 1523 nescio
2156 1482 2279 1540 quo

417 1577 596 1645 pacto
627 1569 704 1627 ab
735 1567 1013 1627 amicitiis
1042 1566 1448 1641 perfectorum
1479 1562 1810 1632 hominum,
1833 1559 1894 1618 id
1924 1567 2017 1619 est
2046 1557 2282 1634 sapien-

417 1664 756 1724 tium—de
803 1665 916 1723 hac
962 1663 1100 1722 dico
1146 1661 1464 1739 sapientia,
1497 1678 1651 1737 quae
1696 1657 1934 1717 videtur
1984 1655 2043 1713 in
2096 1655 2283 1713 homi·

416 1780 554 1819 nem
598 1762 816 1820 cadere
859 1779 1039 1837 posse
1060 1792 1143 1802 —-·
1165 1759 1241 1817 ad
1278 1758 1427 1817 levis
1459 1756 1751 1815 amicitias
1782 1753 2034 1813 defluxit
2063 1752 2279 1812 oratio.

416 1858 615 1933 Quam
647 1858 727 1916 ob
757 1877 881 1916 rem
914 1858 991 1916 ad
1022 1858 1125 1915 illa
1155 1856 1348 1933 prima
1390 1856 1709 1913 redeamus
1753 1871 1947 1930 eaque
1978 1851 2113 1928 ipsa
2142 1870 2281 1911 con·

415 1956 732 2015 cludamus
763 1955 1112 2033 aliquando·

496 2053 765 2111 XXVII.
851 2052 1077 2123 Virtus,
1111 2052 1373 2128 inquam,
1409 2052 1478 2111 C.
1514 2050 1725 2125 Fanni,
1759 2061 1819 2112 et
1864 2061 1946 2125 tu,
1980 2051 2057 2126 Q.
2093 2048 2278 2123 Muci,

416 2159 476 2207 et
518 2147 801 2207 conciliat
849 2148 1142 2207 amicitias
1193 2157 1254 2206 et
1302 2158 1643 2208 conservat.
1731 2149 1802 2207 In
1854 2168 1929 2208 ea
1972 2159 2067 2208 est
2116 2148 2277 2208 enim

416 2245 841 2305 convenientia
882 2264 1095 2317 rerum,
1129 2244 1189 2303 in
1231 2264 1304 2304 ea
1348 2245 1666 2316 stabilitas,
1701 2246 1760 2305 in
1792 2265 1866 2306 ea
1895 2245 2279 2306 constantia:

416 2361 570 2419 quae
614 2362 750 2401 cum
789 2361 854 2402 se
899 2343 1110 2401 extulit
1148 2352 1209 2402 et
1249 2343 1520 2402 ostendit
1558 2363 1733 2403 suum
1774 2344 1975 2402 lumen
2017 2353 2078 2401 et
2116 2342 2278 2402 idem

416 2440 649 2516 aspexit
679 2439 1043 2515 agnovitque
1067 2439 1127 2497 in
1153 2439 1289 2511 alio,
1312 2441 1391 2499 ad
1416 2439 1478 2498 id
1500 2459 1566 2500 se
1590 2441 1872 2499 admovet
1890 2438 2278 2516 vicissimque

416 2536 634 2613 accipit
662 2536 829 2608 illud,
862 2536 1027 2610 quod
1059 2536 1116 2594 in
1149 2537 1340 2595 altero
1370 2548 1481 2610 est,
1514 2557 1590 2597 ex
1619 2557 1741 2614 quo
1772 2535 2111 2595 exardescit
2150 2535 2277 2594 sive

418 2653 587 2692 amor
627 2633 754 2692 sive
801 2633 1081 2692 amicitia.
1167 2634 1512 2710 Utrumque
1557 2635 1716 2694 enim
1761 2634 2006 2692 ductum
2052 2642 2146 2692 est
2197 2632 2276 2692 ab

417 2731 680 2790 amando
706 2752 724 2804 3
780 2750 979 2790 amare
1024 2741 1223 2790 autem
1272 2732 1416 2791 nihil
1449 2743 1542 2792 est
1572 2732 1736 2791 aliud
1768 2730 1882 2790 nisi
1911 2749 2049 2789 eum
2079 2730 2274 2806 ipsum

416 2825 666 2903 diligere
712 2843 892 2901 quem
944 2845 1128 2898 arneS‚
1182 2827 1346 2886 nulla
1394 2826 1749 2905 indigentia,
1796 2826 1963 2885 nulla
2017 2825 2277 2883 utilitate

418 2922 727 2996 quaesita:
771 2941 925 3000 quae
948 2931 1150 2982 tamen
1176 2923 1308 3000 ipsa
1329 2924 1669 2984 ecflorescit
1690 2943 1766 2983 ex
1790 2921 2069 2993 amicitia,
2090 2921 2273 2980 etiam
2289 2910 2302 2917 ’

2313 1382 2421 1424 100

418 3017 468 3076 si
511 3027 576 3077 tu
620 3036 753 3077 eam
794 3018 994 3079 minus
1029 3031 1272 3079 secutus
1318 3021 1422 3079 sis.
1512 3023 1650 3079 Hac
1696 3039 1807 3078 nos
1853 3019 2276 3079 adulescentes
2312 3035 2412 3079 τοι

417 3114 842 3174 benevolentia
885 3135 1064 3176 senes
1108 3117 1261 3189 illos,
1297 3118 1363 3177 L.
1412 3117 1685 3189 Paulum,
1733 3119 1818 3176 M.
1852 3117 2168 3189 Catonem,
2203 3117 2275 3176 C.

419 3213 680 3287 Gallum,
705 3215 770 3272 P.
793 3214 1201 3285 Nasicam‚Ti.
1219 3215 1560 3274 Gracchum
1584 3214 1883 3290 Scipionis
1905 3214 2093 3273 nostri
2112 3233 2279 3273 soce·

419 3328 550 3368 rum
572 3311 928 3371 dileximus:
978 3312 1128 3371 haec
1150 3311 1330 3369 etiam
1362 3311 1554 3388 magis
1586 3312 1784 3370 elucet
1806 3311 1963 3370 inter
1985 3310 2274 3388 aequaliS,

418 3417 484 3465 ut
513 3408 669 3467 inter
698 3427 793 3467 me
824 3419 884 3467 et
918 3409 1282 3486 Scipionem,
1317 3409 1382 3468 L.
1408 3408 1670 3477 Furium,
1706 3410 1768 3468 P.
1804 3408 2134 3485 Rupilium,
2170 3410 2273 3485 Sp.

420 3506 821 3564 Mummium.-
891 3505 1150 3564 vicissim
1203 3516 1403 3564 autem
1454 3523 1633 3564 senes
1684 3504 1743 3563 in
1796 3505 2272 3565 adulescentium
