2788 3999
412 344 494 392 22
1176 338 1520 393 LAELIUS
2061 336 2216 408 [xv.
2249 350 2311 406 55

406 530 637 590 parare,
677 528 835 587 quae
880 520 1170 588 parantur
1214 509 1492 587 pecunia,
1538 527 1731 584 equos
1778 506 2038 568 famulos
2083 519 2312 567 vestem
2363 583 2372 592 ἢ

405 608 710 688 egregiam
751 626 898 667 vasa
929 607 1235 685 pretiosa:
1307 606 1535 688 amicos
1583 626 1705 665 non
1756 624 1988 683 parare,
2022 605 2312 682 optimam

405 717 468 766 et
521 706 985 783 pulcherrimam
1056 705 1232 777 vitae,
1291 714 1359 765 ut
1414 704 1499 763 ita
1554 703 1771 776 dicam,
1830 703 2314 779 supellectilem?

408 803 647 863 Etenim
704 814 908 863 cetera
963 785 1098 861 cum
1157 811 1394 878 parant,
1441 801 1538 860 cui
1594 811 1810 878 parent
1865 799 2143 859 nesciunt
2201 818 2313 859 nec

405 901 577 960 cuius
627 920 812 961 causa
857 900 1178 973 laborent;
1235 899 1365 958 eius
1409 898 1571 956 enim
1614 895 1722 958 est'
1752 899 2002 958 istorum
2046 897 2313 975 quidque

406 997 511 1075 qui
565 997 708 1057 vicit
763 997 1023 1070 viribus;
1092 995 1490 1054 amicitiarum
1548 1014 1660 1055 sua
1716 996 1931 1072 cuique
2002 1006 2316 1072 permanet

407 1093 642 1164 stabilis
692 1103 754 1153 et
798 1104 965 1152 certa
1010 1093 1338 1169 possessi0‚
1391 1101 1457 1150 ut
1505 1092 1686 1151 etiam
1745 1092 1795 1151 si
1850 1092 1954 1151 illa
2009 1075 2313 1160 maneant,

406 1210 560 1267 quae
605 1200 748 1250 sunt
794 1189 968 1266 quasi
1009 1189 1172 1248 dona
1219 1190 1517 1260 fortunae,
1559 1198 1764 1247 tamen
1811 1189 1936 1260 vita
1979 1188 2208 1248 inculta
2256 1199 2316 1247 et

409 1288 652 1346 deserta
693 1288 772 1347 ab
818 1286 1030 1345 amicis
1075 1306 1198 1344 non
1244 1286 1438 1363 possit
1479 1305 1615 1345 esse
1647 1286 1927 1346 iucunda.
2012 1286 2135 1345 Sed
2166 1287 2317 1345 haec

408 1385 724 1460 hac-tenus

305 1482 376 1557 56
486 1465 693 1541 XVI?-
744 1480 1175 1541 Constituendi
1205 1492 1408 1540 autem
1440 1490 1599 1552 sunt,
1633 1480 1734 1556 qui
1778 1480 1902 1541 sint
1945 1480 2006 1539 in
2050 1480 2316 1540 amicitia

405 1578 560 1637 fines
599 1588 660 1638 et
705 1578 877 1655 quasi
909 1578 1148 1637 termini
1184 1578 1495 1654 diligendi.
1586 1579 1680 1637 De
1724 1578 1943 1655 quibus
1988 1578 2093 1637 tris
2136 1578 2316 1637 video

407 1676 742 1736 sententias
772 1677 929 1749 ferri,
963 1694 1214 1752 quarum
1249 1676 1477 1733 nullam
1511 1676 1738 1751 probo:
1783 1695 1983 1747 unam,
2009 1686 2074 1735 ut
2097 1676 2313 1735 eodem

409 1759 592 1833 modo
621 1792 764 1850 erga
793 1774 1051 1832 amicum
1084 1772 1287 1831 affecti
1317 1772 1506 1831 simus
1531 1793 1651 1849 quo
1676 1792 1821 1850 erga
1845 1784 2083 1833 nosmet
2113 1773 2277 1850 ipsos
2302 1795 2319 1847 3

410 1871 680 1943 alteram,
712 1881 778 1929 ut
809 1881 1017 1930 nostra
1047 1871 1107 1929 in
1152 1870 1379 1929 amicos
1425 1870 1852 1930 benevolentia
1895 1870 2130 1930 illorum
2175 1889 2318 1947 erga

411 1984 522 2026 nos
579 1965 1045 2026 benevolentiae
1104 1965 1328 2043 pariter
1399 1964 1853 2044 aequaliterque
1910 1966 2279 2043 respondeat
2303 1987 2320 2040 3

409 2063 666 2135 tertiam,
714 2073 796 2135 ut,
845 2062 1057 2139 quanti
1100 2062 1358 2139 quisque
1402 2081 1467 2120 se
1510 2063 1638 2138 ipse
1687 2062 1847 2134 facit,
1893 2063 2047 2122 tanti
2088 2063 2195 2122 fiat
2241 2063 2318 2121 ab

304 2175 376 2236 57
410 2159 634 2218 amiciS.
726 2161 960 2217 Harum
1012 2159 1187 2218 trium
1244 2159 1682 2218 sententiarum
1742 2160 1889 2218 nulli
1936 2179 2182 2238 prorsus
2231 2180 2319 2219 as-

409 2257 658 2317 sentior.
758 2259 891 2316 Nec
936 2257 1097 2315 enirn
1149 2257 1252 2315 illa
1297 2257 1491 2334 prima
1535 2276 1678 2316 vera
1723 2268 1833 2330 est,
1880 2242 1978 2332 ut,
2013 2277 2191 2335 quem
2241 2258 2318 2316 ad

410 2354 658 2413 modum
711 2353 769 2412 in
826 2373 894 2413 se
952 2355 1224 2431 quisque,
1285 2354 1373 2412 sic
1429 2353 1489 2412 in
1548 2354 1806 2414 amicum
1863 2355 1940 2414 sit
1997 2355 2316 2414 animatuS.

411 2451 611 2525 Quam
657 2451 848 2509 multa
889 2452 1066 2523 enim,
1099 2470 1254 2527 quae
1287 2461 1495 2510 nostra
1524 2470 1708 2510 causa
1739 2470 2067 2527 numquam
2096 2451 2321 2510 facere-

410 2566 562 2620 mus,
620 2547 877 2606 facimus
929 2567 1113 2606 causa
1160 2548 1525 2607 amicorum!
1629 2548 1870 2607 Precari
1923 2548 1999 2607 ab
2046 2548 2315 2626 indigno,

410 2644 769 2720 supplicare,
801 2655 927 2703 tum
960 2645 1235 2702 acerbius
1267 2644 1326 2701 in
1358 2644 1622 2721 aliquem
1668 2644 1870 2703 invehi
1915 2644 2318 2722 insectarique

410 2741 849 2814 vehementius,
897 2761 1053 2818 quae
1099 2742 1158 2799 in
1206 2741 1428 2800 nostris
1472 2742 1653 2799 rebus
1698 2761 1820 2800 non
1865 2742 2011 2802 satis
2043 2743 2317 2814 honeste,

411 2837 472 2896 in
521 2838 846 2896 amicorum
897 2839 1047 2897 fiunt
1087 2838 1513 2897 honestissime
1539 2861 1554 2910 ;
1624 2839 1968 2915 multaeque
2013 2858 2110 2898 res
2158 2850 2316 2912 sunt,

412 2935 471 2993 in
504 2935 723 3011 quibus
754 2935 831 2994 de
867 2936 992 2995 suis
1035 2935 1374 2995 commodis
1419 2936 1535 2993 viri·
1571 2936 1717 2994 boni
1762 2938 1951 2995 multa
1993 2937 2321 2996 detrahunt

410 3033 770 3109 detrahique
829 3033 1157 3110 patiuntur,
1218 3043 1283 3091 ut
1338 3034 1427 3092 eis
1473 3019 1663 3092 'amici
1722 3034 1925 3110 potius
1976 3052 2157 3110 quam
2205 3033 2319 3111 ipsi

309 3134 380 3211 58
412 3132 705 3190 fruantur.
790 3131 1000 3189 Altera
1041 3131 1344 3189 sententia
1386 3120 1497 3204 est,
1539 3151 1695 3207 quae
1740 3131 1952 3190 definit
1995 3131 2319 3190 amicitiam

411 3228 660 3306 paribus
703 3228 916 3288 officiis
946 3248 1017 3287 ac
1047 3208 1550 3312 voluntatibusql
1572 3230 1713 3287 Hoc
1745 3228 1991 3304 quidem
2020 3238 2113 3287 est
2143 3227 2320 3286 nimis

412 3324 626 3402 exigue
656 3336 717 3384 et
746 3326 980 3384 exiliter
1019 3325 1097 3384 ad
1142 3325 1412 3384 calculos
1455 3344 1673 3384 vocare
1718 3323 2059 3396 amicitiam,
2103 3334 2171 3384 ut
2211 3343 2321 3401 par

411 3420 492 3482 sit
546 3422 700 3480 ratio
758 3433 1140 3498 acceptorum
1200 3432 1261 3480 et
1316 3421 1618 3481 datorum.
1678 3495 1681 3499 ,
1735 3422 1994 3481 Divitior
2049 3422 2194 3479 mihi
2259 3430 2321 3479 et
2405 3467 2416 3481 .

413 3519 753 3577 affluentior
818 3519 1055 3575 videtur
1111 3537 1246 3577 esse
1304 3537 1448 3576 vera
1505 3519 1769 3577 amicitia
1826 3537 1937 3578 nec
1993 3518 2318 3578 observare
