2788 3999
406 621 477 678 61

403 1984 476 2043 62

517 338 605 401 26
1189 349 1402 403 CATO
1456 349 1726 404 MAIOR
2092 345 2315 420 [XVII.
2344 349 2415 403 60

513 521 657 581 tatis
686 521 953 581 habebat
980 519 1136 597 plus»,
1161 518 1385 578 laboris
1410 518 1608 579 minus
1624 540 1642 593 3
1684 537 1841 596 apex
1863 529 1959 579 est
1981 529 2179 579 autem
2211 536 2417 578 senec-

513 617 658 677 tutis
705 617 1051 678 auctoritas.
1138 615 1387 690 Quanta
1431 615 1546 675 fuit
1592 616 1652 674 in
1705 617 1772 676 L.
1820 617 2089 677 Caecilio
2139 616 2414 687 Metelle,

512 724 742 793 quanta
770 715 832 774 in
862 717 937 774 A.
966 713 1156 774 Atilio
1188 713 1506 773 Calatino!
1594 714 1668 772 In
1700 733 1880 792 quem
1911 714 2060 773 illud
2089 713 2390 793 elogium:

805 868 965 925 hunc
989 885 1169 925 unum
1185 867 1496 942 plurimae
1516 868 1872 925 consentiunt
1886 873 2079 942 gentes

789 965 1011 1042 populi
1016 964 1382 1039 primarium
1391 962 1597 1039 fuisse
1621 964 1837 1022 virum.

514 1110 743 1169 Notum
793 1117 888 1168 est
937 1117 1131 1167 totum
1180 1125 1426 1166 carmen
1478 1106 1732 1168 incisum
1779 1108 1842 1167 in
1891 1108 2192 1186 sepulcro.
2276 1110 2420 1169 Iure

511 1205 691 1285 igitur
718 1208 938 1284 graviS,
970 1205 1142 1265 cuius
1170 1204 1248 1263 de
1279 1203 1563 1266 laudibus
1593 1205 1862 1265 omnium
1890 1216 2053 1265 esset
2081 1208 2246 1266 fama
2273 1225 2421 1266 con-

512 1304 801 1363 sentiens.
886 1303 1084 1377 Quem
1131 1302 1322 1361 virum
1369 1322 1564 1379 nuper
1613 1305 1681 1362 P.
1727 1304 2034 1376 Crassum,
2065 1302 2419 1381 pontificem

511 1400 855 1474 maximum,
889 1418 1067 1477 quem
1101 1410 1316 1477 postea
1357 1401 1447 1458 M.
1479 1400 1778 1478 Lepidum
1818 1401 2032 1459 eodem
2074 1400 2419 1460 sacerdotio

510 1497 850 1574 praeditum
875 1496 1133 1556 vidimus
1157 1500 1169 1555 l
1239 1496 1405 1570 Quid
1429 1496 1506 1555 de
1528 1497 1718 1556 Paulo
1743 1507 1847 1556 aut
1871 1496 2160 1556 Africano
2185 1497 2419 1573 loquar,

513 1603 634 1665 aut,
664 1604 730 1652 ut
761 1594 879 1652 iam
912 1604 1069 1666 ante,
1102 1594 1179 1652 de
1212 1594 1528 1653 Maximo?
1612 1593 1886 1667 Quorum
1917 1612 2039 1652 non
2078 1593 2140 1652 in
2179 1602 2421 1652 senten-

510 1690 597 1750 tia
624 1690 841 1761 solum,
872 1690 981 1749 sed
1012 1689 1193 1748 etiam
1226 1690 1288 1747 in
1318 1701 1467 1748 nutu
1506 1690 1813 1749 residebat
1857 1689 2204 1749 auctoritas.
2292 1690 2421 1748 Ha-

509 1787 615 1847 bet
643 1796 947 1858 senectuS,
978 1788 1276 1846 honorata
1305 1786 1680 1863 praesertim,
1707 1797 1939 1846 tantam
1970 1785 2416 1859 auctoritatem,

510 1895 576 1944 ut
604 1903 678 1943 ea
706 1884 895 1961 pluris
925 1885 1002 1944 sit
1032 1903 1214 1961 quam
1244 1903 1458 1944 omnes
1490 1883 1940 1944 adulescentiae
1969 1884 2335 1960 voluptates,

589 1983 836 2043 XVIII.
925 1983 1046 2044 Sed
1091 1983 1151 2042 in
1195 1982 1361 2044 omni
1405 1982 1681 2044 oratione
1725 1992 2094 2043 mementote
2138 1999 2274 2042 eam
2318 2002 2418 2044 me

509 2093 884 2145 senectutem
943 2083 1211 2154 laudare,
1268 2103 1427 2162 quae
1483 2083 1896 2144 fundamentis
1963 2081 2417 2144 adulescentiae

511 2181 846 2242 constituta
895 2180 989 2241 sit.
1078 2183 1169 2241 Ex
1213 2202 1334 2260 quo
1384 2182 1641 2242 efficitur
1688 2182 1768 2255 id,
1813 2181 1979 2260 quod
2027 2201 2143 2260 ego
2192 2201 2415 2261 magno

510 2279 819 2356 quondam
863 2298 999 2338 cum
1046 2297 1300 2339 assensu
1344 2280 1611 2339 omnium
1657 2280 1799 2353 dixi,
1830 2279 2110 2340 miseram
2155 2298 2292 2339 esse
2327 2298 2418 2340 se·

510 2386 815 2435 nectutem
846 2395 1004 2453 quae
1044 2395 1110 2435 se
1153 2376 1428 2436 oratione
1472 2377 1847 2437 defenderet.
1934 2379 2078 2437 Non
2120 2376 2258 2444 cani
2300 2396 2415 2438 nec

455 2493 458 2498 ·
510 2492 693 2551 rugae
718 2484 967 2551 repente
993 2474 1416 2533 auctoritatem
1441 2474 1702 2552 arripere
1726 2485 1998 2552 possunt,
2024 2474 2132 2533 sed
2156 2475 2415 2534 honeste

402 2668 476 2744 63

510 2580 648 2630 acta
690 2571 965 2647 superior
1007 2581 1177 2630 aetas
1207 2571 1440 2630 fructus
1483 2572 1647 2650 capit
1677 2571 2052 2630 auctoritatis
2091 2580 2412 2631 extremos.

513 2669 691 2727 Haec
733 2669 892 2727 enim
938 2667 1070 2745 ipsa
1113 2678 1256 2728 sunt
1298 2669 1697 2741 honorabilia,
1734 2686 1891 2745 quae
1932 2667 2216 2726 videntur
2258 2668 2417 2729 levia

509 2775 693 2842 atque
737 2765 1099 2838 communia,
1132 2766 1381 2825 salutari
1427 2764 1632 2843 appeti
1662 2764 1876 2825 decedi
1920 2763 2155 2842 assurgi
2193 2765 2417 2826 deduci

509 2861 716 2922 reduci
746 2863 999 2936 consuli,
1033 2882 1191 2940 quae
1220 2873 1281 2922 et
1311 2863 1473 2940 apud
1508 2882 1622 2922 nos
1666 2872 1726 2921 et
1769 2861 1831 2920 in
1875 2862 2008 2921 aliis
2051 2862 2415 2936 civitatibuS,

509 2968 575 3017 ut
604 2978 883 3036 quaeque
915 2960 1143 3037 optime
1174 2970 1409 3019 morata
1447 2970 1556 3033 est,
1589 2960 1674 3020 ita
1712 2958 2172 3038 diligentissime
2211 2960 2418 3019 obser-

507 3066 741 3117 vantur.
830 3058 1209 3135 Lysandrum
1254 3057 1825 3129 Lacedaemonium‚
1856 3056 2026 3116 cuius
2069 3058 2253 3116 modo
2296 3056 2417 3116 feci

506 3153 897 3228 mentionem,
943 3155 1145 3214 dicere
1191 3155 1358 3213 aiunt
1405 3155 1648 3214 solitum
1701 3156 2229 3214 Lacedaemonem
2278 3172 2416 3214 esse

507 3251 1001 3310 honestissimum
1044 3252 1414 3311 domicilium
1466 3253 1797 3312 senectutis
1818 3273 1835 3326 3
1904 3271 2206 3330 nusquam
2252 3251 2414 3310 enirn

509 3357 745 3408 tantum
789 3349 1069 3408 tribuitur
1111 3349 1311 3422 aetati,
1346 3368 1646 3426 nusquam
1691 3359 1783 3409 est
1826 3360 2110 3410 senectus
2152 3351 2413 3409 honora-

509 3444 643 3506 tior.
731 3446 896 3520 Quin
926 3445 1104 3505 etiam
1136 3446 1462 3505 memoriae
1497 3446 1799 3524 proditum
1842 3457 1954 3518 est,
1986 3467 2122 3506 cum
2154 3446 2414 3506 Athenis

509 3542 670 3602 ludis
700 3544 945 3620 quidam
978 3543 1038 3602 in
1069 3546 1368 3602 theatrum
1410 3544 1661 3620 grandis
1699 3554 1844 3603 natu
1872 3544 2159 3617 venisset,
2191 3562 2413 3621 magno
