2788 3999
500 360 579 423 24
1168 357 1380 412 CATO
1436 359 1706 413 MA1oR
2105 358 2299 431 [Χνι.
2330 359 2399 427 50

496 526 663 587 iussu
691 526 978 605 magister
1005 527 1274 604 equitum
1309 530 1378 589 C.
1414 528 1700 588 Servilius
1732 527 1933 587 Ahala
1965 528 2066 605 Sp.
2102 527 2399 588 Maelium

495 642 744 702 regnum
784 635 1170 701 appetentem
1221 635 1584 702 occupatum
1635 626 1960 684 interemit.
2047 628 2105 684 A
2150 626 2294 685 villa
2336 626 2398 684 in

495 733 774 781 senatum
807 722 1228 781 arcessebatur
1255 732 1318 781 et
1348 722 1569 782 Curius
1598 733 1659 781 et
1687 722 1869 783 ceteri
1911 741 2111 796 senes,
2158 742 2233 782 ex
2276 742 2400 799 quo

495 818 598 895 qui
654 837 763 877 eos
821 819 1214 878 arcessebant
1273 818 1539 878 viatores
1605 819 1900 878 nominati
1962 830 2123 880 sunt.
2234 821 2398 879 Num

496 913 676 992 igitur
704 914 915 973 horum
947 923 1230 973 senectus
1273 913 1635 974 miserabilis
1677 914 1808 988 fuit,
1856 916 1960 992 qui
2002 934 2067 974 se
2110 915 2238 993 agri
2281 915 2403 974 cul-

497 1011 662 1072 tione
704 1010 1141 1070 oblectabant?
1227 1012 1374 1070 Mea
1418 1011 1665 1087 quidem
1710 1012 2014 1072 sententia
2056 1013 2221 1071 haud
2271 1011 2403 1071 scio

497 1128 577 1168 an
620 1107 785 1166 nulla
828 1108 1063 1166 beatior
1104 1108 1298 1184 possit
1339 1125 1496 1179 esse,
1528 1126 1727 1185 neque
1758 1110 1952 1169 solum
1986 1109 2202 1181 officio,
2235 1109 2403 1185 quod

496 1205 809 1265 hominum
837 1204 1047 1283 generi
1076 1205 1360 1264 universo
1391 1205 1631 1265 cultura
1658 1226 1937 1285 agrorum
1967 1216 2060 1266 est
2104 1205 2403 1278 salutariS,

496 1303 607 1364 sed
655 1313 718 1362 et
765 1302 1174 1362 delectatione
1225 1321 1407 1380 quam
1452 1303 1592 1379 dixi,
1637 1317 1698 1363 et
1739 1305 2054 1364 saturitate
2104 1303 2405 1380 copiaque

496 1419 693 1460 rerum
739 1400 1026 1472 omnium,
1076 1417 1232 1475 quae
1284 1400 1362 1458 ad
1413 1401 1633 1461 victum
1679 1402 2008 1475 hominum,
2053 1401 2131 1460 ad
2175 1400 2403 1459 cultum

496 1498 678 1558 etiam
749 1497 1000 1556 deorum
1068 1496 1388 1573 pertinent,
1447 1508 1530 1569 ut,
1596 1500 1884 1577 quoniam
1949 1498 2099 1557 haec
2157 1495 2404 1574 quidam

499 1594 866 1666 desiderant,
917 1594 980 1652 in
1029 1594 1283 1671 gratiam
1335 1595 1454 1654 iam
1507 1615 1643 1655 cum
1695 1596 2007 1672 voluptate
2065 1594 2403 1652 redeamus.

503 1692 753 1768 Semper
798 1691 959 1750 enim
1004 1692 1150 1752 boni
1198 1693 1548 1771 assiduique
1591 1693 1821 1752 domini
1866 1694 2089 1752 referta
2130 1692 2285 1750 cella
2327 1691 2408 1750 vi-

501 1790 688 1863 naria,
733 1789 976 1863 olearia,
1022 1792 1204 1851 etiarn
1247 1792 1498 1869 penaria
1527 1802 1638 1865 est,
1671 1792 1934 1868 villaque
1968 1801 2096 1850 tota
2131 1790 2408 1866 locuples

500 1897 612 1958 est,
669 1886 942 1948 abundat
998 1909 1186 1967 porco
1244 1890 1444 1949 haedo
1501 1909 1659 1968 agno
1714 1890 1959 1968 gallina,
2015 1889 2173 1948 lacte
2224 1906 2408 1947 caseo

501 1986 697 2047 melle.
788 1988 918 2047 Iam
968 1990 1206 2051 hortum
1252 1988 1367 2067 ipsi
1419 1988 1720 2065 agricolae
1771 1986 2102 2048 succidiam
2154 1985 2407 2046 alteram

503 2078 835 2165 appellarit.
923 2087 1283 2147 Conditiora
1327 2086 1474 2146 facit
1517 2086 1670 2144 haec
1713 2084 2180 2162 supervacaneis
2222 2083 2408 2143 etiam

396 2202 467 2265 57
500 2186 703 2264 operis
757 2185 1079 2263 aucupium
1138 2194 1320 2261 atque
1376 2183 1636 2243 venatio.
1743 2182 1908 2257 Quid
1966 2182 2043 2240 de
2100 2191 2409 2259 pratorum

503 2284 806 2344 viriditate
838 2294 941 2343 aut
987 2282 1265 2341 arborum
1311 2280 1626 2340 ordinibus
1665 2290 1766 2339 aut
1809 2280 2117 2339 vinearum
2164 2277 2413 2337 oliveto-

502 2398 710 2440 rumve
749 2381 953 2458 specie
1000 2380 1176 2458 plura
1222 2379 1469 2438 dicam?
1552 2377 1728 2437 Brevi
1771 2378 2141 2454 praecidam.
2244 2377 2413 2453 Agro

502 2478 662 2538 bene
692 2479 855 2537 culto
887 2478 1031 2536 nihil
1064 2486 1267 2556 potest
1296 2493 1433 2535 esse
1463 2493 1575 2534 nec
1604 2493 1718 2533 usu
1762 2473 2006 2533 uberius
2050 2492 2164 2532 nec
2208 2471 2413 2548 specie

503 2576 792 2643 ornatius,
841 2574 922 2633 ad
968 2594 1148 2651 quem
1198 2574 1519 2632 fruendum
1571 2590 1693 2629 non
1743 2570 1925 2629 modo
1973 2589 2095 2629 non
2125 2568 2413 2641 retardat,

505 2691 711 2732 verum
742 2671 922 2731 etiam
954 2670 1167 2730 invitat
1196 2681 1381 2747 atque
1415 2669 1659 2727 allectat
1695 2678 1996 2727 senectus.
2081 2664 2207 2725 Ubi
2250 2663 2414 2724 enirn

505 2779 710 2847 potest
762 2769 867 2828 illa
918 2778 1085 2828 aetas
1137 2777 1241 2827 aut
1291 2767 1597 2827 calescere
1645 2766 1738 2825 vel
1784 2763 2154 2841 apricatione
2199 2762 2417 2821 melius

506 2865 604 2923 vel
655 2865 795 2942 igni,
851 2874 955 2924 aut
998 2861 1262 2922 vicissim
1312 2862 1543 2921 umbris
1588 2860 1838 2938 aquisve
1882 2857 2220 2937 refrigerari
2257 2856 2418 2916 salu-

402 2963 477 3041 58
506 2961 715 3023 brius?
788 2962 915 3022 Sibi
944 2961 1211 3021 habeant
1241 2958 1420 3037 igitur
1450 2977 1634 3032 arma,
1668 2957 1783 3018 sibi
1814 2974 2022 3032 equOS,
2049 2953 2164 3014 sibi
2186 2955 2418 3025 hastas,

498 3058 626 3130 ,sibi
681 3060 915 3119 clavam
972 3068 1033 3118 et
1090 3058 1293 3137 pilam,
1352 3055 1469 3115 sibi
1526 3055 1883 3114 venationes
1935 3062 2116 3129 atque
2166 3068 2421 3124 cursus3

511 3157 688 3217 nobis
723 3157 969 3217 senibus
1013 3175 1089 3215 ex
1131 3152 1471 3213 lusionibus
1516 3152 1722 3211 multis
1768 3152 1927 3211 talos
1972 3148 2316 3224 relinquant
2359 3156 2421 3206 et

514 3263 809 3329 tesseras3
862 3254 924 3313 id
968 3254 1162 3331 ipsum
1207 3260 1273 3309 ut
1316 3249 1566 3320 lubebit,
1598 3248 1884 3325 quoniam
1932 3247 2061 3306 sine
2107 3244 2194 3304 eis
2239 3243 2423 3304 beata

514 3369 649 3410 esse
676 3361 958 3410 senectus
988 3357 1207 3426 potest.

414 3468 485 3529 59
594 3449 802 3507 XVII.
889 3446 1119 3505 Multas
1177 3444 1256 3503 ad
1306 3462 1403 3503 res
1461 3443 1748 3520 perutiles
1805 3439 2235 3518 Xenophontis
2286 3438 2421 3499 libri

516 3554 675 3619 sunt,
728 3563 882 3621 quos
940 3542 1120 3620 legite
1173 3559 1402 3617 quaeso
1453 3541 1742 3611 studiose,
1794 3546 1861 3596 ut
1916 3537 2133 3597 facitis·
2214 3536 2421 3610 Quam
