2788 3999
340 306 501 404 xiv.
526 346 627 418 46]
964 348 1075 401 DE
1129 348 1640 405 SENECTUTE.
2164 348 2242 415 ¹9

336 517 638 578 cruditate
707 528 770 578 et
825 517 1164 579 insomniis.
1251 518 1371 578 Sed
1430 517 1482 577 si
1540 517 1767 595 aliquid
1826 516 2096 577 dandum
2150 526 2246 580 est

337 614 651 692 voluptati,
683 614 972 692 quoniam
1003 615 1133 676 eius
1163 615 1477 675 blanditiis
1510 634 1626 673 non
1659 615 1836 673 facile
1875 614 2246 689 obsistimus,

337 714 540 773 divine
571 713 730 772 enim
766 712 943 772 Plato
974 732 1176 772 escam
1222 712 1515 771 malorum
1561 712 1831 789 appellat
1872 712 2246 789 voluptatem

338 810 505 887 quod
555 827 629 869 ea
671 809 956 868 videlicet
998 808 1273 868 homines
1317 809 1633 886 capiantur
1674 819 1739 868 ut
1783 810 1999 887 pisceS,
2046 827 2250 886 quam-

339 926 523 984 quam
567 906 975 965 immoderatis
1005 904 1201 981 epulis
1231 925 1369 965 care
1460 917 1728 976 enectuS,
1760 905 2014 965 modicis
2045 917 2249 966 tamen

339 1003 635 1063 conviviis
692 1002 980 1063 delectari
1039 916 1456 1093 potest()C(.5
1491 1003 1797 1061 Duellium
1856 1004 1943 1063 M.
1998 1003 2086 1076 F„
2144 1004 2249 1081 qui

343 1102 585 1159 Poenos
656 1101 854 1160 classe
925 1100 1152 1177 primus
1210 1098 1535 1170 devicerat,
1596 1100 1947 1160 redeuntem
2006 1119 2043 1159 a
2097 1118 2253 1159 cena

341 1216 551 1256 senem
594 1215 778 1275 saepe
821 1197 1100 1257 videbam
1146 1215 1295 1272 puer
1318 1217 1335 1269 3
1390 1187 1811 1255 delectabatur
1852 1215 2030 1256 cereo
2059 1196 2253 1256 funali

341 1306 403 1354 et
434 1294 696 1367 tibicine,
731 1313 887 1372 quae
917 1294 1032 1354 sibi
1066 1294 1231 1353 nullo
1262 1292 1544 1370 exemplo
1575 1292 1846 1369 privatus
1877 1302 2252 1370 sumpserat:

342 1403 579 1452 tantum
632 1391 914 1451 licentiae
964 1393 1152 1452 dabat
1206 1391 1416 1470 gloria.
1505 1389 1627 1450 Sed
1684 1390 1833 1466 quid
1889 1408 2004 1468 ego
2060 1390 2255 1450 alios?
2285 1407 2355 1469 45

347 1490 446 1549 Ad
497 1506 593 1547 me
649 1487 847 1565 ipsum
904 1488 1021 1549 iam
1079 1499 1362 1548 revertar.
1450 1488 1714 1547 Primum
1772 1487 1960 1546 habui
2015 1506 2255 1565 semper

344 1585 1049 1647 sodalis—sodalitates
1107 1597 1307 1646 autem
1366 1604 1463 1645 me
1519 1594 1845 1662 quaestore
1887 1584 2255 1645 constitutae

344 1692 487 1743 sunt
517 1683 706 1743 sacris
754 1682 957 1742 Idaeis
1001 1685 1269 1762 Magnae
1315 1683 1534 1743 Matris
1578 1682 2257 1760 acceptis—epulabar

345 1780 525 1859 igitur
565 1800 703 1841 cum
747 1781 1076 1854 sodalibuS,
1121 1781 1370 1841 omnino
1414 1781 1668 1855 modice,
1701 1780 1808 1841 sed
1840 1789 1971 1840 erat
2010 1780 2256 1857 quidam

345 1879 546 1937 fervor
602 1879 839 1951 aetatis,
892 1896 1016 1955 qua
1070 1878 1496 1957 progrediente
1553 1878 1760 1938 omnia
1813 1879 1967 1938 fiunt
2011 1877 2073 1935 in
2124 1877 2257 1951 dies

346 1975 605 2035 mitiora.
692 1976 910 2052 Neque
939 1976 1098 2035 enim
1144 1976 1406 2054 ipsorum
1452 1975 1863 2036 conviviorum
1906 1974 2256 2037 delectatio·

347 2093 487 2134 nem
530 2074 944 2151 voluptatibus
974 2076 1244 2153 corporis
1276 2076 1468 2154 magis
1501 2095 1681 2152 quam
1714 2085 1893 2136 coetu
1925 2075 2255 2135 amicorum

346 2182 407 2232 et
439 2172 821 2232 sermonibus
852 2172 1145 2231 metiebar
1166 2195 1184 2248 3
1237 2172 1397 2233 bene
1427 2174 1588 2232 enim
1633 2173 1894 2234 maiores
1925 2173 2255 2234 accubitio·

348 2289 486 2329 nem
547 2269 856 2347 epularem
915 2268 1263 2344 amicorum,
1322 2271 1465 2347 quia
1533 2271 1693 2331 vitae
1763 2272 2255 2335 coniunctionem

348 2367 619 2440 haberet,
652 2365 991 2425 convivium
1024 2368 1503 2441 nominaverunt,
1537 2369 1753 2429 melius
1789 2389 1970 2447 quam
2016 2371 2256 2447 Graeci,

349 2462 453 2540 qui
496 2463 614 2521 hoc
657 2460 818 2520 idem
862 2471 989 2521 tum
1030 2464 1562 2540 compotationem,
1594 2475 1717 2524 tum
1750 2467 2257 2528 concenationem

348 2568 591 2632 vocant,
624 2569 705 2630 ut,
740 2558 950 2636 quod
934 2578 996 2617 m
1027 2578 1101 2620 eo
1127 2578 1351 2639 genere
1380 2561 1689 2621 minimum
1736 2573 1847 2636 est,
1891 2565 1954 2624 id
1998 2564 2260 2625 maxime

349 2660 609 2737 probare
635 2656 979 2719 videantur.
1062 2660 1125 2747 xl

430 2755 605 2815 XIV.
681 2755 811 2833 Ego
836 2773 980 2815 vero
1010 2766 1259 2867 propter
1287 2758 1585 2820 sermonis
1617 2761 2084 2822 delectationem
2115 2771 2263 2822 tem·
2291 2763 2364 2836 46

350 2851 603 2931 pestivis
635 2870 876 2929 quoque
906 2853 1197 2914 conviviis
1229 2855 1517 2930 delector,
1565 2877 1679 2917 nec
1722 2878 1858 2918 cum
1904 2860 2260 2937 aequalibus

351 2948 566 3022 solum,
627 2948 729 3025 qui
786 2949 962 3026 pauci
1021 2950 1348 3012 admodum
1409 2963 1658 3025 restant,
1711 2955 1818 3014 sed
1870 2974 2005 3015 cum
2057 2967 2260 3016 vestra

350 3045 532 3106 etiam
563 3055 762 3104 aetate
795 3056 975 3124 atque
1016 3049 1347 3123 vobiscum,
1393 3051 1713 3127 habeoque
1758 3052 2054 3112 senectuti
2096 3071 2260 3130 mag·

354 3163 496 3203 nam
563 3143 835 3222 gratiam,
898 3165 1056 3224 quae
1114 3147 1255 3206 mihi
1314 3148 1611 3207 sermonis
1669 3147 2016 3208 aviditatem
2076 3150 2257 3224 auxit,

353 3240 620 3320 potionis
650 3251 711 3302 et
741 3243 861 3303 cibi
893 3245 1154 3304 sustulit.
1242 3245 1425 3319 Quod
1458 3246 1506 3306 si
1554 3265 1732 3322 quem
1777 3245 1959 3306 etiam
2005 3246 2120 3306 ista
2162 3248 2263 3307 de-

353 3340 600 3412 lectant,
659 3359 737 3400 ne
793 3341 1043 3402 omnino
1091 3341 1315 3402 bellurn
1363 3341 1651 3402 indixisse
1695 3341 1904 3403 videar
1942 3343 2258 3421 voluptati,

354 3436 526 3498 cuius
556 3447 650 3498 est
677 3438 942 3499 fortasse
971 3439 1218 3517 quidam
1250 3440 1541 3499 naturalis
1565 3439 1800 3514 modus,
1826 3459 1949 3500 non
1972 3439 2262 3520 intellego

355 3555 432 3597 ne
463 3535 526 3596 in
556 3535 690 3597 istis
717 3536 963 3614 quidem
994 3537 1143 3616 ipsis
1163 3537 1578 3616 voluptatibus
1607 3557 1814 3599 carere
1842 3557 2029 3599 sensu
2057 3557 2263 3600 senec·
