2788 3999
383 294 548 349 ΧΧΙ.
582 295 678 369 77]
1051 295 1162 350 DE
1214 294 1724 351 SENECTUTE.
2202 299 2277 366 31

382 467 597 526 corder
628 484 750 523 non
782 465 853 523 L.
884 465 1151 539 Brutum,
1185 466 1287 543 qui
1317 465 1380 525 in
1411 466 1727 526 liberanda
1754 464 1950 544 patria
1978 477 2074 526 est
2111 465 2287 527 inter-

379 564 596 637 fectuS,
640 581 766 621 non
811 563 968 621 duos
1015 562 1260 636 DeciOS,
1309 562 1413 639 qui
1459 563 1538 623 ad
1583 562 1983 623 voluntariam
2031 574 2288 624 mortem

378 680 619 720 cursum
663 678 956 736 equorum
1000 659 1422 732 incitaverunt,
1468 680 1591 720 non
1637 661 1728 720 M.
1757 660 2027 733 Atilium,
2060 661 2164 739 qui
2207 664 2287 724 ad

378 757 741 836 supplicium
784 768 878 816 est
919 757 1230 833 profectus
1273 768 1339 816 ut
1380 757 1563 816 fidem
1607 757 1769 816 hosti
1813 757 2020 815 datam
2050 774 2290 818 conser-

375 865 565 927 varet,
590 874 713 914 non
743 855 899 913 duos
925 852 1262 930 Scipione5‚
1288 854 1393 932 qui
1424 853 1538 912 iter
1562 853 1784 912 Poenis
1807 853 1902 911 vel
1933 854 2288 931 corporibus

375 952 503 1012 suis
552 936 865 1011 obstruere
909 951 1247 1024 voluerunt,
1297 970 1422 1010 non
1469 970 1647 1010 avum
1693 959 1860 1009 tuum
1910 950 1975 1008 L.
2012 951 2284 1026 Paulum,

375 1047 481 1126 qui
510 1058 704 1108 morte
734 1048 843 1108 luit
871 1049 1144 1127 collegae
1174 1048 1237 1107 in
1268 1048 1584 1109 Cannensi
1619 1047 1951 1128 ignominia
1989 1049 2286 1110 temerita·

373 1157 516 1220 tem,
549 1166 671 1206 non
718 1148 805 1208 M.
842 1148 1221 1221 Marcellum,
1262 1146 1435 1207 cuius
1478 1146 1785 1207 interitum
1829 1167 1905 1207 ne
1947 1147 2288 1208 crudelissi-

372 1263 509 1304 mus
539 1245 782 1322 quidem
814 1245 1010 1306 hostis
1037 1247 1270 1305 honore
1299 1244 1649 1322 sepulturae
1678 1264 1884 1305 carere
1914 1264 2130 1323 passus
2172 1255 2284 1318 est,

372 1341 484 1400 sed
513 1338 788 1419 legiones
817 1350 1075 1414 nostraS,
1108 1341 1271 1418 quod
1313 1339 1531 1418 scripsi
1561 1339 1623 1398 in
1653 1340 2023 1418 Originibus,
2056 1340 2114 1398 in
2147 1358 2285 1399 eum

372 1438 573 1497 locum
618 1457 802 1515 saepe
844 1438 1152 1515 profectas
1196 1437 1381 1498 alacri
1426 1436 1630 1497 animo
1673 1447 1736 1496 et
1770 1448 1992 1509 erect0‚
2023 1437 2188 1497 unde
2218 1456 2285 1497 se

374 1535 671 1595 redituras
710 1555 1040 1613 numquam
1089 1535 1541 1595 arbitrarentur.
1629 1534 1815 1608 Quod
1856 1534 2036 1612 igitur
2085 1534 2287 1593 adule-

374 1643 635 1707 scentes,
660 1642 722 1693 et
743 1633 800 1693 ei
819 1634 1065 1711 quidem
1087 1653 1207 1692 non
1241 1634 1438 1694 solum
1463 1633 1697 1693 indocti
1725 1632 1836 1692 sed
1866 1633 2049 1692 etiam
2079 1632 2286 1692 rustici

374 1741 790 1804 contemnunt,
823 1731 884 1790 id
928 1731 1094 1791 docti
1137 1749 1316 1790 senes
1359 1731 1803 1791 extimescent?
1888 1729 2177 1803 Omnino,
2220 1739 2287 1789 ut
2316 1731 2390 1809 76

372 1828 518 1886 mihi
550 1828 796 1905 quidem
825 1828 1079 1902 videtur,
1111 1847 1306 1888 rerum
1346 1828 1615 1888 omnium
1656 1827 1910 1887 satietas
1938 1827 2099 1886 vitae
2137 1827 2286 1887 facit

373 1925 738 1985 satietatem.
813 1927 966 1985 Sunt
994 1926 1288 2004 pueritiae
1328 1926 1532 1985 studia
1561 1935 1763 1986 certa:
1820 1944 1963 1986 num
2002 1925 2184 2005 igitur
2211 1944 2286 1984 ea

372 2023 724 2083 desiderant
753 2024 1220 2084 adulescentes?
1308 2024 1463 2084 Sunt
1490 2023 1755 2084 ineuntis
1796 2023 2283 2086 adulescentiae:

373 2139 514 2179 num
545 2140 620 2180 ea
647 2131 939 2182 constans
970 2120 1090 2180 iam
1114 2120 1363 2198 requirit
1393 2132 1581 2195 aetaS‚
1615 2141 1772 2198 quae
1803 2123 2006 2183 media
2029 2122 2286 2183 dicitur?

376 2218 529 2278 Sunt
571 2218 756 2278 etiam
799 2203 929 2278 eius
973 2217 1228 2278 aetatis:
1286 2237 1363 2278 ne
1408 2238 1482 2286 ea
1525 2219 1771 2297 quidem
1818 2229 2193 2298 quaeruntur
2219 2220 2283 2279 in

372 2325 704 2378 senectute.
791 2316 947 2376 Sunt
995 2325 1265 2375 extrema
1309 2317 1611 2392 quaedam
1663 2318 1867 2377 studia
1915 2318 2283 2378 senectutis:

372 2432 531 2491 erg0,
553 2424 621 2473 ut
637 2414 1012 2491 superiorum
1038 2423 1303 2473 aetatum
1326 2414 1531 2474 studia
1554 2416 1860 2488 occidunt,
1884 2416 1971 2475 sic
1996 2416 2285 2477 occidunt

371 2512 552 2570 etiam
577 2510 911 2571 senectutis
933 2533 951 2585 3
998 2510 1168 2588 quod
1184 2529 1320 2571 cum
1345 2513 1567 2587 evenit,
1589 2513 1840 2572 satietas
1859 2514 2019 2572 vitae
2044 2523 2283 2591 tempus

371 2618 669 2667 maturum
702 2607 914 2667 mortis
943 2606 1138 2667 affert.

450 2706 624 2765 XXI.
713 2706 856 2765 Non
902 2698 1064 2763 enim
1110 2705 1307 2780 video,
1353 2726 1477 2780 cur,
1524 2706 1670 2785 quid
1722 2707 1853 2784 ipse
1899 2706 2158 2767 sentiam
2204 2706 2284 2766 de
2316 2725 2375 2786 7⁷

370 2812 579 2876 morte,
614 2822 736 2861 non
782 2803 1040 2861 audeam
1069 2803 1245 2863 vobis
1290 2804 1511 2877 dicere,
1545 2805 1710 2880 quod
1754 2823 1830 2864 eo
1859 2823 2107 2865 cernere
2138 2791 2282 2862 mihi

369 2900 583 2959 melius
611 2900 837 2973 videor,
872 2918 994 2975 quo
1036 2900 1114 2959 ab
1154 2919 1229 2960 ea
1267 2902 1518 2977 propius
1558 2902 1793 2961 absum.
1881 2903 2013 2980 Ego
2048 2913 2284 2961 vestros

369 3007 589 3074 patres,
623 2998 688 3055 P.
722 2996 925 3073 Scipio
957 3007 1162 3075 tuque,
1196 2999 1266 3058 C.
1299 2998 1488 3070 Laeli,
1521 2999 1683 3058 viros
1714 2999 2085 3060 clarissimos
2115 2999 2284 3059 mihi·

368 3113 486 3172 que
532 3093 946 3166 amicissimos,
977 3094 1179 3154 vivere
1223 3096 1484 3155 arbitror
1525 3107 1585 3155 et
1628 3115 1760 3154 eam
1795 3097 2042 3174 quidem
2077 3098 2280 3169 vitam,

367 3210 524 3268 quae
554 3202 648 3251 est
678 3192 812 3252 sola
834 3193 960 3252 vita
990 3192 1383 3251 nominanda.
1469 3194 1628 3251 Nam
1660 3192 1803 3250 dum
1833 3213 2043 3252 sumus
2065 3193 2283 3253 inclusi

368 3290 427 3347 in
478 3289 573 3349 his
623 3290 1020 3368 compagibus
1070 3290 1358 3368 corporiS‚
1404 3309 1654 3349 munere
1706 3292 1970 3367 quodam
2024 3290 2283 3351 necessi-

367 3388 509 3447 tatis
540 3399 602 3447 et
629 3388 798 3466 gravi
828 3406 1012 3466 opere
1042 3387 1459 3466 perfungimur
1483 3409 1498 3461 ;
1551 3397 1643 3446 est
1683 3388 1844 3446 enim
1877 3388 2114 3448 animus
2152 3406 2281 3448 cae·

368 3485 537 3544 lestis
560 3504 636 3544 ex
666 3485 964 3545 altissimo
987 3485 1296 3544 domicilio
1321 3485 1651 3561 depressus
1674 3495 1736 3543 et
1758 3485 1935 3561 quasi
1965 3485 2279 3544 demersus
