2788 3999
387 309 503 367 :11.
530 315 588 379 71
999 306 1112 361 DE
1165 305 1680 363 SENECTUTE.
2249 309 2284 374 3

386 487 557 548 aiunt
580 504 717 547 eam
757 483 935 547 citius
963 502 1146 564 quam
1186 492 1525 562 putassent.
1611 484 1876 545 Primum
1916 483 2053 564 quis
2093 484 2297 566 coegit

388 604 496 647 eos
550 584 774 645 falsum
839 584 1099 661 putare?
1207 582 1332 658 Qui
1386 582 1549 641 enim
1606 581 1785 643 citius
1840 583 2296 644 adulescentiae

387 692 673 744 senectus
702 700 885 761 quam
914 680 1210 756 pueritiae
1239 679 1656 739 adulescentia
1684 680 1970 758 obrepit?
2053 680 2297 742 Deinde

388 780 494 859 qui
520 780 721 839 minus
757 778 960 857 gravis
988 788 1153 838 esset
1181 778 1271 837 eis
1298 788 1601 850 senectuS,
1634 778 1687 838 si
1728 777 2296 857 octingentesimum

391 896 618 937 annum
674 885 942 955 agerent,
1000 893 1183 953 quam
1252 874 1305 935 si
1366 875 1853 954 octogesimum?
1963 876 2297 937 Praeterita

389 975 552 1035 enim
582 984 753 1033 aetas
780 971 1059 1052 quamvis
1087 972 1289 1051 longa,
1321 990 1459 1032 cum
1502 972 1847 1045 effluxisset,
1878 973 2045 1034 nulla
2086 993 2301 1035 conso-

392 1069 619 1129 latione
641 1068 1017 1147 permulcere
1045 1077 1257 1145 posset
1278 1068 1525 1127 stultam
1548 1077 1939 1128 senectutem.
1992 1068 2299 1145 Quocirca
2328 1084 2353 1149 ς

392 1167 445 1228 si
474 1166 835 1245 sapientiam
864 1183 1063 1224 meam
1094 1164 1376 1225 admirari
1407 1164 1635 1239 soletis,
1667 1184 1826 1244 quae
1853 1166 2085 1226 utinam
2114 1166 2301 1245 digna

391 1274 558 1325 esset
611 1262 899 1341 opinione
955 1272 1159 1322 vestra
1228 1272 1559 1339 nostroque
1615 1263 1994 1341 cognomine,
2052 1264 2114 1324 in
2182 1265 2301 1325 hoc

394 1379 599 1422 sumus
628 1360 955 1439 sapientes,
988 1360 1155 1437 quod
1206 1369 1486 1418 naturam
1535 1359 1829 1438 optimam
1880 1361 2099 1421 ducem
2147 1371 2301 1422 tam·

394 1477 578 1537 quam
616 1458 797 1517 deum
843 1457 1153 1537 sequimur
1195 1457 1372 1534 eique
1419 1475 1736 1534 paremus:
1777 1477 1814 1518 a
1858 1478 1981 1538 qua
2022 1477 2144 1519 non
2172 1460 2300 1519 veri

394 1556 589 1618 simile
631 1565 742 1629 est,
787 1572 925 1615 cum
968 1566 1205 1614 ceterae
1247 1563 1455 1633 partes
1498 1556 1716 1615 aetatis
1757 1555 1916 1615 bene
1959 1555 2300 1636 descriptae

394 1654 533 1728 sint,
577 1663 911 1714 extremum
962 1661 1164 1711 actum
1206 1661 1517 1729 tamquam
1576 1654 1655 1713 ab
1698 1653 1876 1713 inerti
1930 1664 2117 1732 poeta
2163 1673 2301 1715 esse

395 1750 757 1830 neglectum.
846 1733 967 1810 Sed
999 1758 1201 1809 tamen
1249 1768 1502 1810 necesse
1530 1751 1644 1810 fuit
1672 1769 1809 1810 esse
1841 1751 2070 1829 aliquid
2113 1763 2303 1811 extre·

396 1867 560 1908 mum
589 1856 669 1919 et,
700 1855 1008 1922 tamquam
1040 1846 1100 1905 in
1133 1846 1415 1906 arborum
1446 1847 1615 1908 bacis
1639 1857 1956 1926 terraeque
1985 1848 2299 1923 fructibuS,

396 1945 741 2007 maturitate
785 1945 1147 2023 tempestiva
1188 1946 1362 2024 quasi
1412 1945 1635 2006 vietum
1676 1956 1739 2007 et
1776 1946 2090 2020 caducum,
2135 1947 2301 2025 quod

396 2043 720 2105 ferundum
764 2053 858 2103 est
897 2042 1159 2103 molliter
1213 2044 1492 2121 sapienti.
1578 2044 1746 2119 Quid
1789 2055 1884 2104 est
1925 2045 2087 2104 enim
2137 2045 2302 2105 aliud

396 2143 730 2222 Gigantum
773 2141 958 2203 modo
1005 2141 1236 2202 bellare
1283 2161 1421 2202 cum
1476 2142 1571 2202 dis
1621 2142 1737 2203 nisi
1787 2153 2039 2203 naturae
2087 2161 2304 2222 repug-

398 2260 545 2302 nare
569 2244 593 2302 ἲ
2290 2235 2296 2242 “

481 2341 770 2401 LAELms.
864 2338 1071 2418 Atqui,
1106 2339 1285 2411 Cato,
1323 2337 1731 2416 gratissimum
1775 2338 1972 2412 nobis,
2013 2348 2083 2398 ut
2123 2337 2306 2399 etiarn
2336 2342 2369 2399 6

396 2455 509 2516 pro
572 2437 856 2515 Scipione
911 2437 1220 2515 pollicear,
1263 2435 1501 2509 feceriS,
1536 2436 1605 2507 si,
1639 2436 1926 2526 quoniam
1972 2454 2306 2514 speramuS,

398 2535 677 2594 volumus
733 2533 977 2611 quidem
1036 2546 1217 2607 certe,
1276 2551 1458 2593 senes
1512 2532 1659 2604 fieri,
1712 2532 1903 2593 multo
1958 2542 2100 2593 ante
2155 2552 2194 2592 a
2246 2542 2308 2593 te

400 2631 791 2692 didicerimus
831 2633 1051 2709 quibus
1092 2633 1379 2692 facillime
1425 2630 1760 2691 rationibus
1788 2630 2310 2711 ingravescentem

403 2738 666 2789 aetatem
695 2729 853 2789 ferre
882 2730 1206 2808 possimuS.

487 2829 686 2888 CATO·
757 2828 1003 2888 Faciam
1033 2847 1195 2901 vero,
1226 2830 1417 2902 Laeli,
1448 2825 1805 2907 praesertim
1835 2824 1888 2887 si
1915 2824 2157 2905 utrique
2183 2845 2315 2888 ves·

406 2935 581 2997 trum,
611 2935 677 2985 ut
706 2924 875 2998 dicis,
905 2935 1143 3004 gratum
1171 2927 1439 2987 futurum
1471 2937 1584 2987 est.

488 3022 785 3083 LAELms.
868 3023 1170 3084 Volumus
1220 3042 1385 3097 sane,
1440 3025 1555 3086 nisi
1607 3025 1929 3086 molestum
1978 3032 2092 3096 est,
2138 3023 2316 3096 Cato,

406 3129 719 3196 tamquam
761 3118 1006 3198 longam
1052 3120 1316 3198 aliquam
1345 3122 1505 3181 viam
1535 3122 1892 3196 confeceris,
1928 3140 2107 3200 quam
2139 3120 2319 3181 nobis

409 3235 655 3295 quoque
704 3216 1172 3296 ingrediundum
1219 3218 1314 3290 sit,
1360 3218 1534 3292 istuC,
1567 3239 1691 3297 quo
1733 3218 2082 3296 pervenisti,
2113 3217 2321 3278 videre

411 3313 590 3391 quale
618 3314 714 3375 sit.

434 3430 438 3436 ’
497 3412 615 3471 ΙΙΙ.
662 3411 859 3473 CATO.
947 3410 1190 3472 Faciam
1236 3422 1303 3472 ut
1348 3421 1581 3490 potero,
1628 3413 1817 3473 Laeli.
1907 3415 2102 3494 Saepe
2158 3419 2317 3477 enim
2353 3437 2379 3497 7

416 3508 662 3569 interfui
683 3508 969 3588 querellis
999 3509 1341 3588 aequalium
1373 3528 1663 3585 meorum,
1685 3531 1863 3589 pares
1893 3525 2094 3573 autem
2119 3525 2322 3574 vetere
