2788 3999
465 287 549 350 28
1011 318 1014 319 ν
1231 299 1579 356 LAELIUS
2110 297 2267 370 [xx.
2297 312 2362 364 72
2439 289 2450 298 '

458 469 725 548 quodam
754 470 939 528 modo
970 469 1282 528 inferiores
1312 469 1618 529 extollere.
1707 470 1863 528 Sunt
1890 469 2051 528 enim
2096 469 2361 546 quidam,

459 568 561 646 qui
608 567 896 626 molestas
944 567 1240 626 amicitias
1285 567 1535 640 faciunt,
1587 585 1724 625 cum
1774 567 1890 644 ipsi
1940 585 2005 625 se
2055 567 2364 626 contemni

457 675 713 743 putant:
779 664 945 742 quod
1004 682 1124 721 non
1176 664 1303 722 fere
1353 664 1653 742 contingit
1702 664 1818 722 nisi
1872 664 1978 737 eis,
2031 664 2133 741 qui
2181 664 2363 722 etiam

455 762 939 822 contemnendos
963 780 1030 820 se
1054 760 1439 833 arbitrantur,
1461 761 1565 838 qui
1583 763 1698 820 hac
1719 761 2007 839 opinione
2033 781 2153 820 non
2178 762 2364 820 modo

356 878 423 936 73
454 860 671 932 verbiS,
708 861 818 920 sed
864 860 1048 918 etiam
1091 876 1275 935 opere
1319 857 1564 917 levandi
1606 868 1764 918 sunt.
1852 860 2117 918 Tantum
2161 869 2360 918 autem

455 957 673 1033 cuique
704 958 1110 1029 tribuendum,
1131 955 1386 1033 primum
1410 965 1705 1031 quantum
1729 957 1859 1033 ipse
1882 957 2120 1015 efficere
2143 956 2361 1033 possiS,

456 1053 678 1112 deinde
708 1054 891 1114 etiam
922 1065 1217 1132 quantum
1249 1053 1366 1125 ille,
1398 1070 1577 1128 quem
1607 1052 1824 1129 diligas
1864 1062 2047 1129 atque
2091 1053 2360 1125 adiuves,
2432 1084 2437 1089 ,

456 1152 773 1211 sustinere.
847 1153 988 1210 Non
1018 1152 1182 1211 enim
1213 1170 1410 1227 neque
1442 1159 1508 1208 tu
1537 1150 1753 1227 possiS,
1781 1150 2055 1226 quamvis
2080 1149 2360 1223 excellaS,

456 1248 653 1307 omnis
685 1259 820 1308 tuos
850 1249 928 1308 ad
959 1251 1221 1309 honores
1252 1247 1662 1327 amplissimos
1693 1248 2042 1325 perducere,
2068 1258 2133 1306 ut
2159 1247 2362 1324 Scipio

459 1346 524 1406 P.
585 1346 896 1423 Rupilium
951 1347 1146 1423 potuit
1212 1347 1529 1406 consulem
1591 1345 1847 1418 efficere,
1918 1344 2166 1402 fratrem
2232 1343 2362 1402 eius

457 1441 708 1501 Lucium
741 1462 864 1502 non
892 1444 1107 1520 potuit.
1194 1444 1377 1518 Quod
1414 1445 1467 1503 si
1510 1444 1693 1503 etiam
1738 1441 1937 1520 possis
1981 1440 2221 1517 quidvis
2264 1441 2363 1499 de-

455 1539 611 1597 ferre
648 1540 726 1598 ad
769 1539 1042 1612 alterum,
1073 1540 1401 1599 videndum
1448 1552 1541 1600 est
1585 1551 1787 1603 tamen
1835 1539 1981 1617 quid
2024 1538 2126 1597 ille
2169 1538 2363 1616 possit

352 1651 429 1714 74
456 1635 771 1696 sustinere.
885 1637 1152 1696 Omnino
1220 1638 1520 1697 amicitiae
1586 1638 1991 1698 corroboratis
2050 1637 2166 1696 iam
2224 1656 2365 1696 con·

330 1737 333 1739 ’
456 1732 826 1811 firmatisque
856 1745 916 1793 et
945 1734 1203 1811 ingeniis
1233 1745 1294 1793 et
1317 1736 1618 1796 aetatibus
1649 1736 2014 1795 iudicandae
2044 1746 2202 1809 sunt,
2228 1755 2361 1809 nec,

456 1832 508 1891 si
538 1832 640 1909 qui
671 1831 916 1891 ineunte
946 1843 1147 1892 aetate
1177 1835 1442 1893 venandi
1470 1844 1574 1893 aut
1601 1835 1761 1911 pilae
1798 1834 2056 1894 studiosi
2096 1835 2358 1907 fuerunt,

456 1947 562 1988 eos
592 1929 817 1987 habere
850 1931 1244 2004 necessariOS,
1276 1951 1431 2009 quos
1462 1941 1589 1991 tum
1625 1932 1842 1990 eodem
1885 1932 2089 1991 studio
2130 1931 2364 2009 praedi-

455 2037 550 2086 tos
594 2027 949 2086 dilexerunt.
1039 2030 1168 2087 Isto
1211 2029 1373 2087 enim
1418 2031 1601 2089 modo
1633 2031 1899 2089 nutrices
1930 2040 1992 2088 et
2020 2029 2362 2107 paedagogi

456 2123 581 2183 iure
646 2125 964 2184 vetustatis
1032 2126 1354 2201 plurimum
1419 2127 1882 2186 benevolentiae
1944 2127 2361 2203 postulabunt.

456 2221 577 2295 Qui
629 2222 989 2300 neglegendi
1048 2224 1293 2300 quidem
1352 2243 1474 2282 non
1532 2235 1690 2298 sunt,
1750 2225 1860 2284 sed
1918 2224 2038 2283 alio
2094 2225 2361 2301 quodam

457 2319 638 2378 modo
679 2320 1075 2379 aestimandi:
1140 2321 1314 2380 aliter
1360 2322 1661 2381 amicitiae
1713 2322 1963 2381 stabiles
2006 2340 2360 2397 permanere

455 2432 577 2471 non
632 2424 906 2489 possunt.
1018 2415 1297 2491 Disparis
1354 2417 1516 2475 enim
1573 2435 1773 2476 mores
1839 2416 2106 2493 disparia
2160 2415 2364 2474 studia

454 2519 804 2585 sequuntur,
834 2530 1089 2587 quorum
1122 2512 1552 2573 dissimilitudo
1581 2514 1873 2572 dissociat
1904 2512 2215 2584 amicitiaS,
2246 2530 2362 2571 nec

452 2606 533 2665 ob
578 2606 758 2664 aliam
804 2626 1047 2666 causam
1095 2608 1280 2668 ullam
1328 2611 1482 2669 boni
1521 2610 1832 2686 improbiS,
1880 2609 2136 2686 improbi
2182 2609 2361 2668 bonis

453 2702 630 2761 amici
679 2722 814 2763 esse
863 2724 985 2763 non
1032 2716 1305 2781 possunt,
1356 2707 1470 2765 nisi
1519 2708 1685 2783 quod
1724 2716 1896 2765 tanta
1924 2717 2018 2765 est
2047 2707 2203 2766 inter
2232 2725 2356 2780 eOS,

452 2810 681 2876 quanta
730 2802 990 2861 maxima
1033 2814 1236 2879 potest
1279 2823 1434 2876 esse,
1467 2823 1697 2862 morum
1742 2804 2200 2880 studiorumque
2245 2804 2361 2863 dis-

347 2915 416 2976 75
450 2898 659 2957 tantia.
746 2900 939 2959 Recte
997 2901 1179 2960 etiam
1236 2902 1505 2989 praessipi
1564 2912 1769 2978 potest
1824 2901 1885 2960 in
1932 2902 2228 2973 amicitiis,
2282 2921 2360 2961 ne

450 2994 851 3070 intemperata
899 2999 1199 3074 quaedam
1248 2993 1693 3070 benevolentia,
1726 2999 1890 3073 quod
1933 3017 2228 3075 persaepe
2271 2999 2356 3071 fit,

451 3090 742 3167 impediat
799 3113 1051 3171 magnas
1107 3096 1399 3154 utilitates
1451 3095 1797 3154 amicorum.
1885 3097 2020 3154 Nec
2063 3096 2242 3168 enim,
2293 3105 2360 3154 ut
2430 3135 2433 3138 2

450 3190 529 3248 ad
559 3190 801 3250 fabulas
832 3192 1095 3264 redeam,
1126 3193 1373 3250 Troiam
1408 3192 1850 3268 Neoptolemus
1880 3211 2096 3268 capere
2126 3193 2357 3269 potuis-

449 3295 558 3358 set,
611 3286 663 3345 si
713 3289 1119 3366 Lycomeden,
1174 3290 1336 3365 apud
1387 3308 1568 3365 quem
1614 3299 1743 3348 erat
1788 3291 2100 3361 educatuS,
2153 3289 2358 3349 multis

450 3403 586 3442 cum
628 3385 889 3444 lacrimis
936 3387 1048 3444 iter
1095 3404 1270 3445 suum
1321 3386 1752 3460 impedientem
1797 3386 2005 3445 audire
2046 3387 2355 3446 voluisset.

452 3482 532 3541 Et
560 3499 744 3558 saepe
788 3466 1062 3541 incidunt
1105 3501 1362 3559 magnae
1407 3501 1521 3555 res,
1566 3493 1633 3542 ut
1675 3484 2113 3543 discedendum
2157 3484 2237 3543 sit
2280 3484 2356 3542 ab
