2788 3999
522 303 597 365 18
1205 316 1549 372 LAELIUS
2151 312 2318 386 [x11.
2344 331 2411 385 43

512 484 750 544 satione
795 485 1094 546 amicitiae
1139 486 1406 564 tegenda
1440 506 1562 545 non
1593 495 1706 558 est,
1736 485 1843 545 sed
1879 483 2082 562 potius
2115 486 2412 563 supplicio

508 582 677 641 omni
712 583 1080 643 vindicanda
1124 594 1235 657 est,
1266 594 1332 642 ut
1384 602 1459 642 ne
1508 584 1643 659 quis
1672 600 2030 642 concessum
2070 594 2243 658 putet
2273 585 2410 643 ami·

505 697 644 739 cum
668 679 763 739 vel
785 680 1010 739 bellum
1033 682 1265 757 patriae
1286 680 1646 740 inferentem
1671 680 1861 762 sequi.
1932 677 2113 753 Quod
2147 682 2405 757 quidem,

506 784 575 835 ut
622 795 720 836 res
768 777 855 837 ire
903 778 1123 854 coepit,
1153 778 1318 836 haud
1358 777 1487 836 scio
1528 797 1606 836 an
1637 777 1970 854 aliquando
1999 778 2263 837 futurum
2295 779 2409 839 sit:

503 872 651 932 mihi
695 883 898 933 autem
946 893 1068 934 non
1118 874 1336 932 minori
1381 892 1562 933 curae
1619 884 1731 944 est,
1773 874 1971 950 qualis
2023 894 2118 934 res
2168 876 2411 952 publica

504 979 647 1047 post
674 980 927 1030 mortem
959 987 1154 1030 meam
1185 972 1388 1029 futura
1419 971 1516 1042 sit,
1548 988 1729 1047 quam
1766 971 1965 1047 qualis
1995 972 2177 1030 hodie
2209 973 2303 1032 sit.

399 1085 478 1140 44
584 1067 770 1127 XIII.
855 1070 1034 1127 Haec
1062 1068 1241 1146 igitur
1280 1068 1473 1144 prima
1504 1067 1600 1126 lex
1644 1067 1945 1127 amicitiae
1992 1068 2314 1140 sanciatur,
2345 1080 2408 1128 ut

503 1164 584 1224 ab
627 1164 839 1224 amicis
887 1166 1147 1224 honesta
1190 1178 1489 1241 petamus,
1543 1164 1873 1223 amicorum
1922 1184 2109 1224 causa
2154 1166 2407 1225 honesta

501 1262 815 1335 faciamus,
869 1281 944 1321 ne
990 1273 1417 1339 exspectemus
1470 1261 1714 1337 quidem
1765 1263 1908 1320 dum
1961 1281 2255 1340 rogemur,
2292 1275 2410 1322 stu-

503 1358 670 1418 dium
719 1377 960 1436 semper
1008 1360 1184 1432 adsit‚
1236 1358 1548 1418 cunctatio
1600 1359 1777 1431 absit,
1830 1360 2149 1418 consilium
2202 1379 2405 1419 verum

502 1456 651 1515 dare
691 1457 1026 1517 audeamus
1069 1457 1275 1529 libere,
1321 1456 1645 1532 plurimum
1684 1457 1744 1514 in
1777 1456 2039 1515 amicitia
2083 1457 2405 1515 amicorum

502 1552 662 1613 bene
691 1553 1076 1616 suadentium
1107 1554 1306 1612 valeat
1341 1552 1690 1625 auctoritas,
1724 1572 1919 1632 eaque
1949 1565 2009 1612 et
2054 1554 2408 1612 adhibeatur

501 1651 581 1709 ad
624 1651 995 1710 monendum
1038 1670 1161 1710 non
1206 1650 1390 1709 modo
1434 1660 1662 1726 aperte,
1694 1651 1805 1709 sed
1849 1652 2030 1709 etiam
2074 1652 2310 1725 acriter,
2357 1652 2406 1711 si

394 1765 468 1827 45
501 1766 600 1809 res
629 1748 977 1825 postulabit,
1010 1759 1070 1806 et
1101 1747 1412 1806 adhibitae
1443 1758 1745 1823 pareatur.
1831 1749 1989 1806 Nam
2024 1748 2403 1825 quibusdam,

502 1864 657 1922 quos
706 1845 889 1904 audio
935 1845 1244 1920 sapientes
1280 1844 1525 1903 habitos
1556 1845 1616 1902 in
1648 1844 1924 1914 Graecia,
1956 1844 2258 1921 placuisse
2288 1846 2409 1921 opi·

502 1961 617 2002 nor
655 1942 955 2001 mirabilia
997 1940 1533 2019 quaedam—sed
1582 1942 1729 2001 nihil
1779 1953 1888 2012 est,
1934 1938 2098 2019 q‘uod
2150 1942 2234 2001 illi
2284 1961 2405 2001 non

499 2051 944 2119 persequantur
993 2040 1242 2117 argutiis
1266 2071 1343 2081 —
1366 2039 1584 2116 partim
1635 2040 1959 2118 fugiendas
2010 2042 2146 2098 e'sse
2194 2040 2406 2099 nimias

500 2136 813 2209 amicitias,
873 2155 950 2195 ne
1008 2155 1260 2196 necesse
1331 2137 1409 2196 sit
1473 2155 1657 2195 unum
1726 2136 2048 2195 sollicitum
2102 2154 2238 2194 esse
2297 2155 2405 2213 pro

499 2235 773 2313 pluribus
795 2257 813 2308 3
867 2235 1017 2294 satis
1040 2253 1343 2312 superque
1367 2253 1504 2293 esse
1535 2234 1649 2293 sibi
1673 2251 1914 2293 suarum
1941 2233 2159 2309 cuique
2191 2252 2402 2301 rerum,

499 2332 713 2393 alienis
743 2332 920 2392 nimis
945 2332 1239 2409 implicari
1266 2333 1588 2391 molestum
1616 2349 1751 2389 esse
1780 2352 1795 2403 ;
1849 2329 2401 2396 commodissimum

498 2450 634 2492 esse
682 2451 865 2509 quam
917 2430 1257 2489 laxissimas
1306 2430 1583 2488 habenas
1628 2428 1853 2486 habere
1904 2425 2218 2497 amicitiae,
2253 2445 2403 2502 quas

496 2531 593 2590 vel
637 2530 926 2590 adducas·
957 2547 1093 2588 cum
1126 2528 1277 2586 velis
1321 2528 1416 2586 vel
1467 2525 1784 2597 remittas;
1837 2533 2019 2600 caput
2063 2523 2221 2580 enim
2266 2542 2402 2582 esse

496 2630 573 2688 ad
626 2629 804 2688 beate
858 2627 1184 2687 vivendum
1238 2623 1645 2693 securitatem,
1699 2639 1821 2698 qua
1870 2621 1987 2678 frui
2037 2639 2156 2679 non
2209 2621 2399 2696 possit

388 2727 466 2802 46
496 2726 750 2799 animus,
783 2726 834 2786 si
864 2736 1173 2801 tamquam
1208 2721 1504 2800 parturiat
1535 2737 1692 2777 unus
1724 2737 1834 2794 pro
1864 2717 2154 2794 pluribus,
2228 2717 2400 2774 Alios

496 2836 696 2885 autem
766 2824 968 2883 dicere
1034 2822 1201 2880 aiunt
1259 2819 1452 2877 multo
1509 2817 1690 2875 etiam
1759 2814 2163 2884 inhumanius,
2223 2831 2397 2888 quem

496 2919 694 2978 locum
751 2918 1016 2977 breviter
1072 2916 1255 2993 paulo
1315 2925 1457 2972 ante
1518 2910 1859 2989 perstrinxi,
1918 2908 2181 2984 praesidi
2240 2907 2396 2965 adiu-

496 3017 805 3092 mentique
874 3033 1076 3084 causa,
1137 3032 1257 3071 non
1329 3007 1796 3070 benevolentiae
1869 3023 2065 3082 neque
2135 3004 2399 3062 caritatis

496 3112 792 3172 amicitias
822 3129 959 3169 esse
989 3109 1365 3187 expetendas
1391 3130 1405 3167 :
1468 3108 1674 3184 itaque
1704 3114 1770 3162 ut
1801 3103 2057 3179 quisque
2091 3102 2395 3160 minimum

494 3209 794 3268 firmitatis
850 3208 1100 3266 haberet
1168 3207 1602 3280 minimumque
1674 3202 1907 3273 virium,
1967 3200 2050 3258 ita
2109 3198 2398 3257 amicitias

494 3317 780 3383 appetere
811 3305 1069 3362 maxime
1097 3327 1109 3363 :
1167 3322 1242 3361 ex
1272 3321 1345 3360 eo
1376 3301 1507 3360 fieri
1538 3309 1603 3358 ut
1634 3297 2024 3357 mulierculae
2056 3296 2248 3372 magis
2282 3314 2399 3352 am·

495 3403 788 3462 icitiarum
834 3402 1136 3478 praesidia
1176 3409 1472 3477 quaerant
1505 3417 1685 3474 quam
1720 3396 1845 3463 viri,
1879 3406 1939 3452 et
1971 3394 2186 3470 inopes
2217 3410 2394 3469 quam

389 3518 458 3578 47
494 3499 783 3578 opulenti,
815 3511 877 3558 et
919 3498 1257 3557 calamitosi
1289 3513 1471 3572 quam
1501 3494 1557 3553 ei
1597 3494 1700 3570 qui
1742 3503 2032 3570 putentur
2075 3490 2257 3549 beati.
2342 3489 2396 3549 O
