2788 3999
723 762 830 842 M.
920 763 1317 842 TULLI
1423 761 2124 844 c1CERoNrs

848 970 1310 1085 CATO
1412 970 1989 1082 MAIOR

1062 1218 1183 1283 DE
1237 1217 1769 1280 SENECTUTE.
1839 1237 1848 1246 ’

489 1498 542 1562 1.
735 1497 798 1562 0
827 1498 967 1573 Tite,
994 1498 1055 1556 si
1073 1496 1227 1576 quid
1242 1514 1340 1571 egv
1364 1495 1607 1555 adiuero
1630 1511 1905 1553 curamve
1924 1493 2151 1555 levasso
2348 1508 2377 1560 ι

732 1616 885 1676 quae
908 1613 1066 1655 nunc
1087 1602 1143 1653 te
1165 1595 1356 1673 coquit
1377 1600 1435 1651 et
1457 1599 1656 1653 versat
1677 1593 1741 1651 in
1755 1598 1981 1669 pectore
1991 1591 2156 1669 fixa,

733 1693 940 1772 ecquid
955 1694 1070 1753 erit
1076 1692 1321 1770 praemi
1333 1695 1361 1750 2

413 1825 584 1886 Licet
610 1825 771 1886 enim
803 1824 950 1884 mihi
977 1822 1253 1884 versibus
1291 1821 1487 1882 isdem
1530 1820 1705 1883 affari
1734 1831 1813 1898 te,
1846 1822 2068 1899 Attice,
2098 1822 2321 1905 quibus

412 1922 630 1983 affatur
660 1922 1065 1982 Flamininum

737 2056 841 2116 ille
859 2055 962 2114 vir
982 2053 1157 2113 haud
1176 2070 1393 2128 mag-na
1428 2070 1557 2112 cum
1584 2071 1665 2127 re,
1691 2052 1800 2113 sed
1802 2054 2017 2130 plenus
2023 2054 2194 2134 fidei,

412 2205 779 2267 quamquam
809 2196 977 2247 certo
1005 2184 1134 2246 scio
1163 2203 1306 2259 non,
1335 2194 1405 2245 ut
1436 2183 1859 2262 Flamininum,

736 2319 1045 2378 sollicitari
1065 2324 1133 2391 te,
1171 2317 1313 2389 Tite,
1342 2316 1429 2374 sic
1449 2324 1736 2395 noctesque
1761 2318 2006 2396 diesque,

414 2450 552 2511 novi
580 2451 742 2511 enim
771 2447 1253 2509 moderationem
1297 2446 1482 2506 animi
1511 2447 1599 2507 tui
1629 2458 1691 2508 et
1721 2450 2105 2526 aequitatem,
2136 2458 2322 2529 teque

411 2568 535 2607 non
577 2564 918 2626 cognomen
962 2545 1159 2605 solum
1188 2544 1444 2603 Athenis
1489 2544 1866 2623 deportasse,
1900 2547 2010 2606 sed
2054 2546 2324 2607 humani·

412 2655 597 2705 tatem
639 2654 702 2703 et
742 2641 1129 2720 prudentiam
1174 2641 1485 2720 intellego·
1572 2643 1650 2702 Et
1691 2653 1896 2703 tamen
1939 2654 2000 2704 te
2046 2643 2321 2721 suspicor

411 2742 605 2802 isdem
648 2741 829 2800 rebus
875 2739 1098 2819 quibus
1144 2757 1241 2798 me
1281 2738 1482 2817 ipsum
1528 2738 1833 2800 interdum
1873 2741 2118 2819 gravius
2164 2760 2326 2801 com·

413 2839 654 2912 moveri,
707 2856 962 2915 quarum
1017 2836 1360 2897 consolatio
1409 2845 1472 2895 et
1522 2836 1714 2896 maior
1769 2847 1865 2898 est
1919 2848 1982 2897 et
2038 2838 2098 2897 in
2160 2837 2326 2899 aliud

411 2945 651 3013 tempus
709 2933 1067 2994 differenda.
1155 2933 1339 2992 Nunc
1396 2942 1600 2992 autem
1646 2933 1842 2993 visum
1891 2945 1987 2994 est
2043 2935 2190 2994 mihi
2220 2935 2325 2995 ·de

410 3043 721 3093 senectute
753 3031 980 3110 aliquid
1012 3030 1089 3090 ad
1132 3040 1193 3090 te
1237 3030 1641 3089 conscribere.
1730 3031 1874 3090 Hoc
1913 3032 2074 3091 enim
2118 3051 2322 3106 onere,
2354 3050 2383 3096 2

411 3129 575 3210 quod
619 3129 765 3188 mihi
807 3145 1130 3188 commune
1171 3137 1371 3187 tecum
1419 3138 1531 3201 est,
1587 3137 1691 3188 aut
1739 3127 2175 3226 iamourgentis
2222 3140 2326 3190 aut

410 3237 574 3288 certe
617 3226 1006 3287 adventantis
1050 3224 1383 3285 senectutis
1426 3236 1489 3283 et
1530 3235 1591 3285 te
1635 3236 1697 3285 et
1739 3244 1836 3286 me
1882 3226 2078 3303 ipsum
2136 3227 2326 3287 levari

412 3324 587 3385 voloe
649 3324 765 3385 etsi
821 3334 881 3384 te
939 3321 1186 3402 quidem
1243 3321 1306 3381 id
1363 3321 1605 3382 modice
1663 3341 1734 3382 ac
1791 3323 2117 3401 sapienter,
2169 3323 2327 3385 sicut

411 3421 632 3497 omnia,
664 3433 727 3482 et
756 3422 912 3482 ferre
955 3431 1018 3481 et
1059 3419 1320 3479 laturum
1365 3437 1502 3478 esse
1546 3430 1713 3480 certo
1755 3420 1901 3481 scio.
1988 3420 2110 3480 Sed
2160 3420 2323 3493 mihi,

413 3540 547 3580 cum
577 3522 656 3580 de
683 3529 1001 3580 senectute
1029 3517 1250 3577 vellem
1294 3515 1525 3595 aliquid
1554 3516 1836 3590 scribere,
1868 3527 1935 3576 tu
1963 3517 2326 3577 occurrebas
