2788 3999
482 279 533 344 6
1259 292 1615 347 LAELIUS·
2155 289 2291 363 [IV.
2330 305 2350 346 1
2361 305 2392 361 3

482 461 675 539 ceptis
721 461 847 522 suis
894 461 1260 534 erudierunt,
1309 460 1406 520 vel
1453 461 1602 533 eius,
1643 461 1745 539 qui
1794 460 2097 539 Apollinis
2145 463 2391 524 oraculo

481 559 966 636 sapientissimus
996 569 1090 617 est
1118 553 1436 630 iudicatus
1469 558 1572 634 qui
1603 577 1727 617 non
1756 568 1883 617 tum
1916 559 2032 618 hoc
2061 568 2187 617 tum
2221 560 2385 634 illud,

482 665 550 714 ut
579 655 639 713 in
670 655 992 733 plerisque,
1024 654 1133 714 sed
1165 655 1325 714 idem
1356 673 1612 732 semper,
1644 655 1879 714 animos
1910 655 2220 715 hominum
2253 676 2389 718 esse

479 751 720 811 divinos
763 751 990 828 eisque,
1021 770 1159 810 cum
1189 769 1264 811 ex
1292 769 1546 829 corpore
1583 752 2006 822 excessissent,
2039 753 2295 813 reditum
2327 755 2386 812 in

478 849 712 908 caelum
760 859 966 926 patere
1007 849 1358 926 optimoque
1405 858 1467 908 et
1512 848 1840 907 iustissimo
1887 849 2102 927 cuique
2142 851 2387 928 expedi-

380 966 450 1020 ¹4
477 947 792 1007 tissimum.
879 946 1061 1020 Quod
1105 946 1265 1006 idem
1312 947 1579 1024 Scipioni
1608 946 1944 1019 videbatur,
1975 949 2078 1024 qui
2122 949 2385 1026 quidem,

477 1045 652 1122 quasi
695 1044 1084 1121 praesagiret,
1129 1044 1451 1120 perpaucis
1494 1055 1636 1103 ante
1682 1054 1933 1103 mortem
1980 1045 2213 1117 diebuS‚
2245 1064 2385 1105 cum

477 1152 539 1201 et
564 1142 772 1201 Philus
801 1156 862 1201 et
896 1141 1187 1200 Manilius
1217 1142 1464 1200 adesset
1493 1152 1554 1201 et
1586 1141 1686 1200 alii
1715 1142 1937 1218 plures,
1964 1152 2150 1219 tuque
2181 1143 2380 1216 etiam,

480 1240 791 1311 Scaevola,
824 1258 1057 1298 mecum
1090 1239 1378 1312 venisseS,
1412 1239 1676 1298 triduum
1721 1240 2006 1299 disseruit
2035 1241 2112 1301 de
2147 1259 2211 1299 re
2240 1241 2386 1317 pub·

477 1337 610 1408 lica,
635 1336 806 1395 cuius
829 1334 1259 1411 disputationis
1281 1334 1394 1394 fuit
1419 1346 1752 1395 extremum
1783 1337 1910 1395 fere
1935 1337 2011 1395 de
2042 1337 2385 1396 immortali-

476 1444 599 1492 tate
629 1433 990 1505 animorum,
1017 1450 1173 1508 quae
1204 1450 1271 1490 se
1301 1431 1362 1489 in
1394 1432 1598 1508 quiete
1628 1451 1737 1509 per
1764 1433 1956 1492 visum
1989 1452 2062 1492 ex
2091 1433 2383 1493 Africano

476 1530 720 1589 audisse
763 1528 1024 1589 dicebat.
1113 1529 1186 1587 Id
1230 1527 1281 1587 si
1325 1528 1411 1586 ita
1453 1539 1561 1602 est,
1594 1540 1660 1589 ut
1689 1530 1900 1607 optimi
1935 1530 2228 1607 cuiusque
2259 1530 2385 1588 ani·

476 1645 611 1686 mus
642 1626 703 1684 in
746 1635 938 1684 morte
981 1624 1264 1683 facillime
1309 1626 1510 1685 evolet
1553 1637 1861 1703 tamquam
1891 1645 1924 1686 e
1954 1627 2232 1687 custodia
2260 1626 2384 1685 vin·

480 1724 711 1800 clisque
734 1722 1023 1800 corporis,
1046 1721 1144 1781 cui
1165 1740 1487 1783 censemus
1511 1743 1749 1783 cursum
1774 1724 1852 1782 ad
1873 1725 2026 1784 deos
2051 1725 2382 1784 faciliorem

476 1819 664 1879 fuisse
721 1838 903 1898 quam
965 1819 1277 1897 Scipioni?
1394 1820 1700 1894 Quocirca
1755 1840 2023 1880 maerere
2079 1823 2196 1881 hoc
2251 1822 2382 1882 eius

479 1925 701 1976 eventu
751 1934 963 1975 vereor
1013 1933 1088 1974 ne
1139 1916 1326 1976 invidi
1376 1919 1567 1995 magis
1617 1937 1800 1997 quam
1852 1918 2030 1978 amici
2077 1918 2170 1978 sit.
2277 1919 2380 1978 Sin

483 2024 684 2073 autem
730 2014 834 2073 illa
877 2015 1128 2087 veriora,
1176 2024 1243 2074 ut
1288 2015 1449 2075 idem
1497 2016 1773 2075 interitus
1818 2017 1895 2075 sit
1941 2018 2275 2077 animorum
2321 2028 2382 2077 et

477 2131 796 2189 corporum
842 2130 955 2170 nec
998 2112 1154 2172 ullus
1198 2132 1414 2172 sensus
1458 2124 1716 2187 maneat,
1749 2125 1815 2173 ut
1845 2114 1993 2173 nihil
2024 2115 2166 2174 boni
2199 2125 2290 2175 est
2320 2115 2382 2174 in

477 2220 686 2281 morte,
746 2209 831 2267 sic
886 2220 1050 2267 certe
1108 2210 1254 2267 nihil
1311 2211 1472 2269 mali.
1563 2212 1757 2270 Sensu
1816 2212 1975 2269 enim
2034 2213 2258 2272 amisso
2314 2213 2382 2271 fit

479 2306 656 2377 idem,
691 2304 864 2383 quasi
895 2316 1072 2364 natus
1116 2326 1236 2365 non
1283 2317 1443 2366 esset
1485 2308 1752 2381 omnino,
1783 2327 1961 2385 quem
2006 2318 2210 2368 tamen
2246 2329 2381 2369 esse

478 2415 683 2466 natum
716 2416 776 2467 et
807 2424 917 2465 nos
953 2405 1284 2482 gaudemus
1314 2415 1375 2464 et
1405 2405 1557 2464 haec
1595 2404 1826 2479 civitaS,
1858 2407 1999 2465 dum
2041 2407 2169 2479 erit,
2201 2407 2383 2467 laeta·

379 2521 443 2581 15
477 2503 655 2563 bitur.
741 2503 943 2577 Quam
991 2502 1071 2561 ob
1115 2520 1242 2560 rem
1287 2521 1425 2561 cum
1476 2502 1578 2561 illo
1608 2501 1870 2579 quidem,
1901 2513 1967 2562 ut
2012 2522 2195 2581 supra
2237 2503 2379 2577 dixi,

481 2612 679 2661 actum
729 2601 959 2679 optime
1006 2609 1116 2671 est,
1165 2617 1402 2657 mecum
1450 2598 1908 2671 incommodius,
1956 2619 2136 2677 quem
2185 2601 2384 2661 fuerat

481 2699 751 2777 aequius,
779 2709 845 2758 ut
869 2700 1032 2775 prius
1056 2695 1422 2767 introieram‚
1447 2695 1535 2755 sic
1556 2696 1722 2773 prius
1745 2696 1906 2755 exire
1930 2696 2007 2755 de
2030 2696 2172 2757 vita.
2260 2698 2383 2758 Sed

481 2806 684 2856 tamen
717 2795 1136 2855 recordatione
1168 2806 1411 2855 nostrae
1443 2793 1742 2853 amicitiae
1782 2794 1869 2853 sic
1897 2794 2078 2868 fruor,
2111 2805 2176 2853 ut
2203 2794 2382 2854 beat'e

480 2893 704 2954 vixisse
732 2893 957 2967 videar,
992 2893 1134 2969 quia
1164 2913 1298 2952 cum
1336 2892 1620 2970 Scipione
1650 2891 1915 2964 vixerim,
1949 2910 2207 2968 quocum
2238 2891 2385 2951 mihi

481 2992 808 3053 coniuncta
845 3010 988 3050 cura
1017 2991 1094 3050 de
1124 2991 1368 3069 publica
1398 3009 1461 3049 re
1501 3000 1564 3050 et
1592 2990 1670 3049 de
1699 2989 2091 3074 privata-fuit,
2123 3008 2384 3067 quocum

484 3101 544 3149 et
572 3089 790 3149 domus
817 3089 931 3147 fuit
970 3098 1031 3147 et
1077 3088 1290 3147 militia
1327 3088 1667 3147 communis
1712 3098 1789 3158 et,
1821 3086 1881 3145 id
1928 3086 1988 3145 in
2035 3105 2158 3163 quo
2187 3085 2385 3146 omnis

483 3187 575 3246 vis
618 3196 713 3246 est
761 3186 1077 3259 amicitiae,
1124 3186 1504 3244 voluntatum
1554 3185 1890 3244 studiorum
1947 3183 2385 3244 sententiarum

485 3303 720 3345 summa
749 3283 1090 3342 consensio,
1179 3284 1396 3359 Itaque
1427 3302 1550 3341 non
1582 3291 1704 3341 tam
1746 3281 1864 3340 ista
1907 3300 2002 3341 me
2032 3280 2383 3358 sapientiae,

487 3401 668 3459 quam
693 3381 875 3439 modo
901 3380 1167 3438 Fannius
1190 3377 1701 3449 commemoravit,
1730 3378 1895 3437 fama
1925 3378 2207 3452 delectat,
2233 3378 2387 3437 falsa

486 3478 857 3558 praesertim,
916 3496 1097 3555 quam
1154 3477 1320 3555 quod
1377 3475 1677 3536 amicitiae
1733 3485 1976 3535 nostrae
2038 3476 2388 3552 memoriam
