2788 3999
452 342 537 405 26
1217 351 1562 406 LAELms
1997 349 2253 424 [xv112.
2278 352 2348 419 6⁵

445 524 593 583 boni
637 522 764 596 viri,
813 540 994 600 quem
1040 522 1301 580 eundem
1350 521 1689 597 sapientem
1740 522 1883 580 licet
1930 521 2150 593 dicere,
2199 522 2350 581 haec

445 621 569 681 duo
624 631 833 679 tenere
884 620 945 677 in
996 618 1295 678 amicitia:
1361 619 1635 695 primum,
1688 636 1763 677 ne
1814 618 1959 695 quid
2008 619 2216 678 fictum
2273 619 2349 677 sit

445 734 599 777 neve
642 717 985 777 simulatum
1012 737 1030 789 3
1085 727 1292 791 aperte
1336 715 1498 773 enim
1529 715 1623 773 vel
1654 715 1857 774 odisse
1888 716 2078 793 magis
2107 715 2351 793 ingenui

443 825 537 874 est
565 833 746 891 quam
768 814 969 871 fronte
988 813 1291 871 occultare
1316 811 1679 870 sententiam
1705 835 1717 871 :
1764 812 1987 870 deinde
2011 830 2134 871 non
2154 812 2348 871 solum

446 909 524 967 ab
554 907 757 983 aliquo
789 906 1005 964 allatas
1035 904 1489 964 criminationes
1535 905 1845 982 repellere,
1879 905 1988 964 sed
2033 923 2110 963 ne
2153 905 2351 981 ipsum

445 1004 692 1083 quidem
734 1021 871 1062 esse
913 1002 1332 1078 suspiciosum,
1365 1021 1609 1079 semper
1640 1002 1868 1078 aliquid
1903 1002 2348 1062 existimantem

339 1104 414 1162 66
444 1102 523 1162 ab
564 1101 760 1161 amico
800 1118 936 1159 esse
966 1099 1276 1158 violatum.
1363 1100 1638 1158 Accedat
1688 1099 1807 1158 huc
1857 1099 2125 1158 suavitas
2172 1118 2352 1177 quae·

444 1200 583 1259 dam
642 1208 882 1274 oportet
931 1215 1278 1255 sermonum
1330 1206 1514 1273 atque
1573 1215 1824 1270 morum,
1875 1197 2348 1274 haudquaquam

443 1297 748 1356 mediocre
798 1296 1254 1356 condimentum
1306 1297 1629 1356 amicitiae.
1713 1296 1988 1356 Tristitia
2038 1306 2239 1355 autem
2289 1307 2352 1356 et

443 1394 503 1453 in
533 1394 697 1453 omni
728 1413 791 1453 re
820 1395 1112 1454 severitas
1155 1395 1340 1455 habet
1383 1393 1490 1453 illa
1532 1394 1775 1472 quidem
1819 1393 2193 1472 gravitatem,
2238 1394 2350 1454 sed

443 1492 707 1551 amicitia
735 1492 1040 1553 remissior
1068 1512 1204 1553 esse
1234 1494 1420 1554 debet
1449 1505 1510 1553 et
1540 1494 1785 1553 liberior
1813 1505 1874 1553 et
1917 1492 2151 1552 dulcior
2179 1501 2239 1552 et
2269 1492 2348 1552 ad

442 1609 683 1649 omnem
715 1591 1060 1652 comitatem
1091 1593 1570 1669 facilitatemque
1600 1593 1938 1671 proclivior.

335 1689 406 1767 67
525 1691 698 1749 XIX.
788 1691 1040 1751 Exsistit
1096 1702 1298 1750 autem
1355 1693 1474 1759 hoc
1523 1691 1660 1750 loco
1711 1692 2011 1768 quaedam
2069 1690 2345 1768 quaestio

443 1789 838 1860 subdifficilis,
891 1807 1035 1848 num
1085 1789 1332 1867 quando
1389 1789 1565 1848 amici
1623 1790 1781 1861 novi,
1841 1790 2008 1867 digni
2064 1790 2343 1863 amicitia,

441 1887 745 1947 veteribus
802 1888 923 1946 sint
978 1886 1410 1964 anteponendi,
1467 1896 1534 1945 ut
1588 1887 1759 1963 equis
1814 1888 2035 1948 vetulis
2104 1898 2347 1947 teneros

442 1995 811 2063 anteponere
862 1984 1167 2045 solemus:
1232 1983 1484 2062 indigna
1537 1985 1781 2044 homine
1827 1984 2162 2060 dubitati03
2223 2004 2347 2045 non

440 2082 600 2141 enim
658 2083 886 2142 debent
940 2100 1077 2142 esse
1136 2082 1552 2155 amicitiarum,
1609 2083 1765 2142 sicut
1821 2083 2069 2142 aliarum
2129 2101 2345 2154 rerum,

442 2179 754 2239 satietates
778 2202 794 2253 3
847 2179 1166 2239 veterrima
1196 2197 1493 2256 quaeque,
1524 2189 1590 2238 ut
1618 2198 1692 2239 ea
1720 2180 1860 2238 vina
1889 2198 2045 2257 quae
2087 2189 2347 2239 vetusta-

441 2286 562 2335 tem
592 2278 817 2351 ferunt,
844 2295 981 2336 esse
1025 2276 1253 2335 debent
1285 2276 1663 2349 suavissima,
1695 2295 2023 2354 verumque
2053 2277 2201 2336 illud
2232 2287 2341 2350 est,

440 2375 606 2450 quod
650 2374 882 2447 dicitur,
916 2374 1137 2432 multos
1180 2374 1419 2433 modios
1461 2374 1607 2433 salis
1649 2373 1825 2433 simul
1871 2374 2146 2433 edendos
2189 2392 2341 2445 esse,

332 2470 409 2528 68
439 2480 505 2529 ut
536 2470 835 2530 amicitiae
864 2490 1084 2530 munus
1126 2471 1433 2547 expletum
1479 2471 1574 2532 sit.
1661 2470 1982 2531 Novitates
2025 2481 2243 2541 autem,
2291 2472 2342 2531 si

440 2586 611 2645 spem
669 2567 947 2640 afferunt,
1005 2576 1073 2626 ut
1120 2578 1429 2645 tamquam
1489 2568 1549 2626 in
1600 2567 1804 2626 herbis
1854 2586 1977 2627 non
2021 2568 2343 2628 fallacibus

439 2664 672 2724 fructus
726 2675 1034 2742 appareat,
1090 2683 1212 2723 non
1263 2674 1407 2723 sunt
1451 2665 1588 2722 illae
1633 2664 1876 2741 quidem
1908 2664 2339 2741 repudiandae,

436 2770 707 2821 vetustas
730 2772 933 2820 tamen
958 2781 1068 2821 suo
1099 2762 1236 2821 loco
1265 2762 1688 2821 conservanda
1715 2782 1732 2835 ;
1780 2761 2042 2820 maxima
2063 2771 2157 2820 est
2179 2761 2342 2820 enim

437 2857 529 2917 vis
556 2860 878 2919 vetustatis
905 2870 967 2918 et
995 2858 1472 2919 consuetudinis.
1559 2861 1707 2936 Ipso
1735 2878 1912 2935 equo,
1942 2858 2114 2918 cuius
2157 2860 2341 2918 modo

436 2954 556 3013 feci
585 2956 976 3028 mentionem,
1008 2956 1058 3016 si
1090 2956 1256 3015 nulla
1285 2974 1382 3015 res
1412 2956 1719 3033 impediat,
1741 2974 1921 3015 nemo
1951 2965 2046 3015 est
2067 2955 2215 3033 quin
2245 2975 2339 3029 e0‚

438 3071 560 3129 quo
588 3054 921 3125 consuevit,
952 3053 1237 3114 libentius
1267 3063 1469 3112 utatur
1492 3073 1670 3130 quam
1703 3054 2027 3113 intractato
2057 3063 2119 3112 et
2148 3072 2343 3128 novo;

439 3168 553 3209 nec
580 3168 725 3209 vero
755 3150 815 3208 in
845 3151 979 3221 hoe,
1011 3151 1176 3226 quod
1206 3162 1299 3210 est
1330 3151 1573 3221 animal,
1598 3152 1708 3210 sed
1738 3152 1799 3209 in
1829 3152 1917 3210 eis
1947 3151 2148 3223 etiam,
2182 3170 2337 3227 quae

437 3256 580 3306 sunt
609 3247 892 3320 inanima,
923 3248 1303 3307 consuetudo
1333 3248 1512 3321 valet,
1544 3267 1678 3307 cum
1710 3248 1861 3308 locis
1903 3247 2052 3324 ipsis
2081 3248 2341 3307 delecte·

437 3361 584 3416 mur,
616 3342 954 3403 montuosis
981 3343 1162 3401 etiam
1206 3354 1268 3402 et
1309 3344 1704 3418 silvestribus,
1748 3345 1808 3403 in
1852 3345 2073 3423 quibus
2115 3344 2340 3404 diutius

437 3440 790 3498 commorati
822 3459 1047 3499 sumus,

331 3535 407 3611 69
522 3536 644 3594 Sed
715 3536 1040 3594 maximum
1098 3549 1194 3596 est
1249 3535 1310 3595 in
1368 3538 1635 3598 amicitia
1689 3540 2061 3616 superiorem
2129 3558 2338 3618 parem
