2788 3999
449 348 683 404 xv111.
709 348 806 417 65]
1127 347 1238 399 DE
1292 345 1702 399 AM1c1T1A.
2271 347 2307 393 2
2317 317 2378 411 ς’

447 530 617 596 parte
664 518 977 595 proposita
1020 518 1172 576 haec
1219 517 1356 589 sint,
1403 535 1478 574 ex
1521 515 1713 573 altera
1754 514 1846 574 ius
1877 514 2196 587 amicitiae,
2228 534 2352 574 non

447 617 635 675 multo
666 617 769 675 illa
797 615 1050 674 malint?
1135 614 1454 673 Imbecilla
1490 612 1651 670 enim
1694 622 1789 671 est
1833 622 2049 670 natura
2092 612 2171 671 ad
2213 632 2350 672 con·

446 715 834 772 temnendam
863 712 1198 790 potentiam
1228 734 1240 770 ε
1293 729 1474 786 quam
1502 709 1684 768 etiam
1709 709 1761 768 si
1783 710 2060 786 neglecta
2088 709 2354 769 amicitia

445 810 755 870 consecuti
784 810 921 882 sint,
948 808 1338 868 obscuratum
1374 806 1444 864 iri
1476 805 1861 884 arbitrantur,
1894 806 2037 882 quia
2070 824 2190 865 non
2221 807 2352 866 sine

445 928 663 986 magna
691 927 877 967 causa
905 907 983 967 sit
1026 907 1305 984 neglecta
1348 904 1636 963 amicitia.
1727 904 1947 979 Itaque
1989 922 2169 962 verae
2213 905 2353 963 ami·
2383 907 2452 977 64

403 1006 619 1064 ·citiae
664 1005 1012 1065 difficillime
1052 1003 1433 1082 reperiuntur
1479 1001 1540 1060 in
1591 1001 1697 1074 eis,
1751 1000 1855 1078 qui
1906 1001 1967 1059 in
2017 1001 2352 1062 honoribus

443 1121 627 1178 reque
696 1102 940 1179 publica
994 1111 1327 1160 versantur.
1419 1098 1544 1158 Ubi
1601 1097 1762 1157 enim
1815 1097 1995 1157 istum
2055 1098 2349 1170 inveniaS,

442 1199 545 1276 qui
600 1200 891 1258 honorem
948 1199 1125 1258 amici
1175 1207 1510 1276 anteponat
1559 1198 1709 1255 suo?
1810 1195 2019 1270 Quid?
2082 1197 2236 1256 haec
2286 1207 2354 1256 ut

441 1296 731 1369 omittam,
763 1314 942 1372 quam
973 1314 1206 1373 graves,
1230 1314 1412 1372 quam
1436 1293 1711 1353 difficiles
1733 1292 2043 1370 plerisque
2066 1293 2350 1354 videntur

440 1392 852 1452 calamitatum
881 1393 1221 1465 societates,
1255 1393 1333 1451 ad
1373 1411 1528 1470 quas
1572 1410 1693 1451 non
1739 1399 1834 1450 est
1875 1391 2056 1450 facile
2099 1390 2350 1452 inventu

442 1488 545 1567 qui
573 1490 971 1550 descendant.
1055 1490 1443 1568 Quamquam
1477 1489 1709 1548 Ennius
1739 1498 1942 1548 recte:

798 1644 1018 1701 amicus
1043 1650 1230 1701 certus
1255 1644 1324 1700 in
1353 1663 1418 1701 re
1444 1644 1654 1701 incerta
1682 1643 1946 1700 cernitur
1960 1664 1985 1710 ,-

441 1802 642 1852 tamen
674 1794 825 1853 haec
855 1793 976 1853 duo
1019 1794 1279 1854 levitatis
1324 1804 1387 1854 et
1430 1793 1795 1853 infirmitatis
1838 1793 2163 1871 plerosque
2208 1814 2350 1854 con·

441 1891 702 1965 vincunt,
736 1901 839 1951 aut
868 1891 918 1950 si
948 1892 1007 1950 in
1036 1892 1215 1952 bonis
1245 1893 1427 1951 rebus
1470 1900 1870 1951 contemnunt
1913 1901 2018 1950 aut
2063 1891 2123 1950 in
2171 1891 2348 1964 malis

443 1987 743 2050 deserunt.
829 1988 951 2063 Qui
980 1990 1159 2068 igitur
1187 2001 1445 2067 utraque
1475 1990 1536 2048 in
1569 2008 1630 2047 re
1672 2008 1917 2067 gravem
1961 1999 2349 2051 constantem

446 2087 719 2145 stabilem
775 2106 841 2152 se
892 2089 952 2145 in
1004 2087 1267 2146 amicitia
1312 2087 1700 2164 praestiterit,
1753 2088 1915 2147 hunc
1962 2107 2038 2148 ex
2089 2089 2348 2149 maxime

446 2202 578 2242 raro
643 2202 862 2261 genere
932 2185 1243 2243 hominum
1314 2184 1583 2243 iudicare
1654 2184 1949 2245 debemus
2019 2195 2081 2245 et
2149 2204 2347 2264 paene

449 2280 662 2340 divin0.

528 2380 765 2439 XVIII.
868 2380 1340 2438 Firmamentum
1400 2389 1601 2437 autem
1658 2379 2008 2440 stabilitatis
2065 2390 2347 2440 constan·
2375 2381 2447 2459 65

451 2477 682 2554 tiaeque
737 2488 831 2537 est
886 2477 1015 2537 eius
1072 2496 1252 2552 quam
1312 2477 1369 2534 in
1431 2477 1694 2537 amicitia
1756 2478 2101 2555 quaerimus
2170 2478 2343 2539 fides·

453 2574 610 2632 Nihil
656 2584 749 2642 est
792 2574 951 2634 enim
997 2573 1234 2643 stabile,
1279 2574 1445 2650 quod
1492 2575 1743 2634 infidum
1794 2585 1906 2635 est.
1995 2575 2341 2652 Simplicem

450 2682 756 2749 praeterea
792 2681 852 2730 et
892 2688 1272 2730 communem
1321 2681 1383 2730 et
1426 2672 1931 2744 consentientem,
1978 2671 2040 2729 id
2086 2681 2196 2745 est,
2241 2671 2345 2749 qui

451 2766 624 2828 rebus
663 2756 852 2828 isdem
899 2777 1229 2840 moveatur,
1258 2767 1415 2844 elegi
1458 2788 1567 2844 par
1595 2779 1690 2828 est
1711 2791 1728 2842 ;
1767 2787 1924 2845 quae
1968 2768 2174 2828 omnia
2214 2787 2345 2845 per·

452 2865 640 2925 tinent
679 2866 756 2925 ad
800 2865 1174 2925 fidelitatem.
1261 2867 1480 2941 Neque
1527 2866 1687 2924 enim
1727 2865 1914 2924 fidum
1957 2874 2162 2942 potest
2205 2883 2344 2926 esse

452 2964 757 3040 multiplex
797 2962 1102 3041 ingenium
1137 2972 1197 3021 et
1242 2972 1599 3036 tortuosum,
1633 2981 1831 3040 neque
1873 2981 2034 3036 vero,
2077 2962 2180 3041 qui
2220 2981 2343 3022 non

450 3060 637 3119 isdem
693 3061 871 3120 rebus
927 3070 1203 3119 movetur
1258 3070 1596 3136 naturaque
1652 3060 1976 3132 consentit,
2025 3069 2129 3119 aut
2182 3060 2342 3119 fidus

452 3169 550 3217 aut
577 3157 809 3218 stabilis
838 3167 1040 3235 potest
1083 3177 1236 3217 esse.
1324 3157 1696 3216 Addendum
1740 3158 1957 3216 eodem
2001 3166 2111 3228 est,
2154 3166 2222 3216 ut
2264 3175 2343 3216 ne

449 3255 791 3316 criminibus
822 3265 925 3315 aut
955 3255 1285 3314 inferendis
1325 3254 1660 3313 delectetur
1703 3265 1806 3313 aut
1849 3254 2057 3313 credat
2100 3253 2340 3327 oblatis,

450 3372 600 3430 quae
642 3353 947 3431 pertinent
980 3352 1185 3413 omnia
1214 3353 1291 3410 ad
1321 3370 1473 3423 eam,
1506 3370 1688 3427 quam
1720 3350 1837 3410 iam
1869 3351 2096 3410 dudum
2127 3360 2340 3424 tracto,

448 3451 869 3510 constantiam.
980 3451 1079 3508 Ita
1132 3450 1200 3508 fit
1254 3467 1461 3508 verum
1518 3448 1684 3518 illud,
1740 3448 1905 3526 quod
1962 3448 2133 3508 initio
2198 3447 2342 3519 dixi,

450 3547 768 3606 amicitiam
816 3546 930 3605 nisi
977 3546 1134 3605 inter
1177 3547 1375 3606 bonos
1421 3564 1557 3606 esse
1601 3565 1721 3605 non
1753 3564 1955 3623 posse.
2040 3546 2152 3606 Est
2180 3545 2341 3608 enim
2428 3610 2442 3629 Δ
