2788 3999
523 279 607 346 32
1191 278 1406 334 CATO
1459 276 1732 331 MAIOR
2135 277 2330 350 [XXI.
2358 291 2420 346 77

517 447 579 509 in
610 457 850 520 terram,
880 447 1080 507 locum
1121 447 1363 507 divinae
1406 455 1663 506 naturae
1695 446 2162 525 aeternitatique
2191 457 2423 508 contra-

516 544 688 606 rium.
776 545 899 604 Sed
928 545 1112 604 credo
1146 544 1297 603 deos
1338 540 1703 613 immortalis
1738 544 2038 621 sparsisse
2081 545 2319 605 animos
2361 546 2424 604 in

516 661 774 720 corpora
810 642 1093 714 humana,
1133 653 1201 701 ut
1238 652 1446 704 essent
1477 642 1586 713 ou!
1615 649 1815 707 terras
1849 651 2163 701 tuerentur
2199 641 2425 719 quique

516 739 871 800 caelestium
894 730 1167 798 ordinem
1192 749 1683 817 contemplantes
1707 738 2083 799 imitarentur
2103 758 2241 799 eum
2263 739 2425 800 vitae

516 837 700 897 modo
729 848 912 913 atque
941 837 1306 897 constantia.
1392 837 1527 896 Nec
1556 855 1652 896 me
1681 836 1878 897 solum
1918 835 2072 897 ratio
2114 855 2187 896 ac
2224 837 2429 915 dispu-

514 934 666 994 tatio
696 933 933 1012 impulit
974 944 1041 993 ut
1083 934 1168 993 ita
1211 934 1539 1007 crederem,
1573 933 1683 994 sed
1727 934 2014 995 nobilitas
2053 933 2238 995 etiam
2268 953 2429 994 sum-

516 1051 747 1092 morum
777 1031 1278 1109 philosophorum
1308 1041 1370 1091 et
1401 1031 1752 1092 auctoritas.

418 1132 483 1209 78
594 1129 937 1189 Audiebam
968 1130 1353 1208 Pythagoran
1387 1130 1929 1208 Pythagoriosque,
1960 1128 2194 1190 incolas
2227 1148 2425 1207 paene

513 1237 771 1301 nostrOS,
798 1228 901 1305 qui
931 1238 1139 1287 essent
1169 1227 1365 1286 Italici
1392 1227 1740 1305 philosophi
1765 1227 2076 1304 quondam
2108 1227 2423 1302 nominati,

513 1344 844 1402 numquam
873 1324 1186 1384 dubitasse
1216 1324 1361 1401 quin
1390 1343 1467 1383 ex
1496 1323 1779 1384 universa
1812 1333 2016 1383 mente
2045 1323 2256 1384 divina
2282 1325 2429 1384 deli·

511 1423 692 1484 batos
723 1423 959 1483 animos
988 1423 1368 1483 haberemus·
1455 1421 2054 1482 Demonstrabantur
2081 1422 2229 1481 mihi
2257 1440 2428 1500 prae-

511 1531 680 1581 terea
708 1540 864 1599 quae
902 1521 1186 1581 Socrates
1225 1537 1511 1597 supremo
1541 1519 1701 1579 vitae
1730 1519 1830 1579 die
1860 1519 1938 1584 de
1967 1519 2424 1579 immortalitate

511 1618 849 1679 animorum
885 1617 1285 1689 disseruisset,
1316 1616 1367 1676 is
1398 1616 1502 1694 qui
1540 1626 1705 1677 esset
1743 1617 2013 1676 omnium
2054 1615 2428 1694 sapientissi-

510 1735 646 1776 mus
701 1716 947 1776 oraculo
1001 1714 1305 1793 Apollinis
1360 1713 1682 1774 iudicatus,
1768 1714 1935 1789 Quid
1985 1714 2217 1776 multa?
2325 1714 2427 1775 Sic

511 1813 657 1873 mihi
684 1812 977 1890 persuasi,
1009 1812 1099 1872 sic
1133 1811 1349 1885 sentio,
1381 1831 1518 1871 cum
1559 1820 1731 1872 tanta
1765 1811 2045 1871 celeritas
2085 1810 2424 1871 animorum

511 1910 605 1984 sit,
638 1920 810 1972 tanta
838 1910 1128 1971 memoria
1161 1909 1624 1989 praeteritorum
1664 1910 2126 1987 futurorumque
2165 1909 2426 1987 pruden-

510 2009 611 2084 tia,
637 2019 728 2071 tot
758 2020 920 2070 artes
942 2020 1150 2070 tantae
1174 2009 1483 2084 scientiae,
1510 2020 1599 2069 tot
1629 2008 1893 2081 inventa,
1919 2027 2043 2067 non
2073 2025 2256 2086 posse
2286 2026 2424 2067 eam

510 2118 806 2181 naturam,
828 2126 983 2185 quae
1007 2126 1104 2167 res
1127 2126 1233 2167 eas
1255 2108 1587 2177 contineat,
1605 2124 1741 2166 esse
1761 2106 2116 2181 mortalem3
2162 2124 2424 2183 cumque

511 2223 751 2282 semper
791 2205 1052 2282 agitetur
1094 2204 1332 2263 animus
1376 2222 1490 2263 nec
1528 2202 1890 2281 principium
1933 2213 2136 2263 motus
2176 2202 2422 2276 habeat,

511 2302 655 2380 quia
698 2319 764 2360 se
808 2301 938 2378 ipse
982 2310 1237 2374 moveat,
1270 2319 1347 2359 ne
1390 2301 1575 2360 finem
1614 2300 1859 2378 quidem
1901 2300 2248 2360 habiturum
2287 2317 2424 2359 esse

510 2407 728 2468 motuS,
781 2396 925 2472 quia
974 2414 1305 2473 numquam
1352 2414 1419 2454 se
1466 2395 1596 2472 ipse
1643 2394 1721 2454 sit
1768 2394 2088 2454 relicturus
2108 2416 2127 2470 3
2180 2404 2242 2454 et
2286 2412 2424 2453 cum

510 2492 769 2570 simplex
792 2491 973 2552 animi
999 2502 1217 2552 natura
1238 2501 1404 2554 esset
1427 2510 1626 2568 neque
1648 2492 1902 2552 haberet
1926 2492 1984 2549 in
2013 2510 2078 2550 se
2099 2491 2425 2569 quicquam

510 2590 844 2648 admixtum
894 2589 1104 2666 dispar
1151 2589 1244 2649 sui
1294 2600 1476 2664 atque
1533 2588 1844 2662 dissimile,
1894 2606 2018 2646 non
2062 2605 2244 2664 posse
2287 2605 2426 2646 eum

510 2686 716 2759 dividi,
747 2686 912 2764 quod
943 2686 995 2745 si
1031 2706 1154 2746 non
1199 2696 1428 2764 posset,
1458 2705 1583 2745 non
1626 2704 1809 2762 posse
1840 2684 2084 2744 interire
2108 2705 2125 2757 3
2181 2703 2428 2761 magno-

510 2801 628 2860 que
658 2802 795 2843 esse
826 2795 1184 2862 argumento
1214 2783 1493 2842 homines
1533 2782 1688 2841 scire
1727 2783 2020 2858 pleraque
2061 2791 2203 2840 ante
2243 2800 2428 2857 quam

512 2880 636 2941 nati
664 2881 804 2954 sint,
835 2883 1002 2957 quod
1032 2881 1151 2940 iam
1182 2879 1369 2958 pueri,
1401 2898 1538 2939 cum
1570 2879 1715 2960 artis
1751 2878 2015 2938 difficilis
2055 2879 2311 2951 discant,
2344 2878 2430 2938 ita

510 2979 789 3038 celeriter
833 2998 931 3038 res
981 2977 1440 3037 innumerabilis
1492 2976 1798 3053 arripiant,
1850 2985 1917 3034 ut
1967 2995 2073 3035 eas
2125 2995 2248 3034 non
2299 2985 2429 3033 tum

510 3076 767 3152 primum
812 3077 1084 3152 accipere
1122 3075 1465 3146 videantur,
1496 3073 1605 3132 sed
1649 3073 1955 3132 reminisci
1999 3083 2060 3132 et
2103 3071 2429 3131 recordari.

406 3190 481 3250 79
515 3175 692 3232 Haec
717 3172 991 3232 Platonis
1013 3174 1160 3232 fere.
1239 3172 1454 3230 XXII.
1513 3170 1696 3246 Apud
1721 3171 2198 3246 Xenophontem
2224 3179 2430 3227 autem

511 3270 776 3330 moriens
803 3270 999 3347 Cyrus
1021 3269 1214 3328 maior
1242 3270 1399 3328 haec
1422 3266 1599 3325 dicit:
1646 3269 1660 3296 ‘
1680 3267 1869 3326 nolite
1900 3265 2196 3338 arbitrari,
2221 3284 2260 3325 o
2284 3264 2428 3324 mihi

513 3366 806 3427 carissimi
839 3366 970 3439 (filii,
1005 3386 1118 3439 me,
1149 3385 1287 3444 cum
1318 3383 1358 3424 a
1386 3362 1562 3422 vobis
1599 3362 1958 3436 discesser0,
1991 3380 2296 3439 nusquam
2327 3372 2432 3421 aut

512 3464 743 3524 nullum
781 3464 933 3524 fore.
1020 3462 1375 3540 Nec3enim‚
1407 3461 1556 3521 dum
1600 3477 1762 3518 eram
1794 3460 2125 3531 vobiscum,
2160 3458 2429 3518 animum
