2788 3999
466 293 519 360 4
1140 293 1359 352 (τΑτο
1411 293 1685 350 MA1oR
2161 290 2313 369 [111.
2344 306 2373 365 ⁷

465 464 791 547 proverbio
818 481 956 524 cum
985 463 1233 542 paribus
1260 463 1547 523 facillime
1591 471 2058 542 congregantur,
2101 483 2258 542 quae
2303 465 2371 527 C.

469 564 791 634 Salinator,
824 577 981 637 quae
1026 560 1129 638 Sp.
1163 559 1442 633 Albinus,
1474 560 1752 620 homines
1781 561 2153 633 consulares,
2185 562 2377 622 nostri

465 663 593 723 fere
629 658 934 739 aequales,
967 657 1286 735 deplorare
1329 657 1628 731 solebant,
1675 667 1802 719 tum
1847 658 2013 736 quod
2029 658 2378 752 voluptati-

465 758 581 819 bus
623 763 915 828 carerent,
956 754 1089 813 sine
1133 755 1354 832 quibus
1398 755 1586 814 vitam
1630 754 1857 814 nullam
1900 765 2203 832 putarent,
2248 766 2403 889 tutin

464 856 631 934 quod
673 863 1099 933 spernerentur
1142 852 1221 911 ab
1262 853 1369 926 eis,
1417 873 1454 912 a
1494 853 1715 929 quibus
1759 863 1967 913 essent
2009 852 2128 912 coli
2173 853 2379 929 soliti3

465 953 612 1048 qui
611 951 761 1022 mihi
807 971 929 1027 non
981 951 1042 1010 id
1092 949 1456 1011 videbantur
1505 969 1810 1025 accusare,
1862 951 2028 1036 quod
2075 960 2240 1010 esset
2285 971 2380 1012 ac·

464 1051 821 1113 cusandum.
892 1036 1051 1109 Nam
1075 1047 1127 1108 si
1150 1047 1212 1108 id
1234 1048 1419 1126 culpa
1440 1049 1775 1108 senectutis
1806 1047 2126 1121 accideret,
2158 1048 2376 1108 eadem

463 1147 612 1208 mihi
652 1166 767 1207 usu
807 1146 1084 1206 venirent
1124 1144 1494 1222 reliquisque
1533 1145 1815 1205 omnibus
1845 1144 2175 1205 maioribus
2207 1156 2374 1220 natu,

462 1264 720 1324 quorum
749 1262 865 1322 ego
893 1244 1217 1303 multorum
1241 1242 1502 1321 cognovi
1525 1252 1904 1302 senectutem
1927 1242 2060 1302 sine
2084 1243 2374 1321 querella,

463 1341 569 1420 qui
610 1360 678 1401 se
719 1350 782 1401 et
823 1340 1139 1401 libidinum
1182 1339 1440 1399 vinculis
1483 1340 1720 1400 laxatos
1762 1357 1900 1399 esse
1943 1358 2067 1399 non
2115 1339 2376 1401 moleste

460 1437 692 1497 ferrent
741 1453 854 1494 nec
899 1454 936 1494 a
980 1434 1106 1495 suis
1152 1434 1628 1512 despicerentur.
1715 1434 1837 1494 Sed
1887 1433 2156 1494 omnium
2200 1434 2376 1496 istius

463 1532 629 1593 modi
660 1532 1063 1611 querellarum
1104 1531 1166 1590 in
1209 1531 1480 1593 moribus
1524 1542 1618 1592 est
1653 1532 1850 1608 culpa,
1890 1551 2011 1592 non
2048 1530 2110 1591 in
2151 1543 2371 1595 aetate.

464 1629 782 1692 Moderati
831 1629 994 1689 enim
1050 1640 1114 1689 et
1169 1648 1284 1689 nec
1340 1630 1618 1691 difficiles
1669 1649 1783 1690 nec
1834 1630 2147 1691 inhumani
2192 1650 2375 1693 senes

460 1728 841 1790 tolerabilem
890 1737 1268 1788 senectutem
1318 1739 1525 1807 agunt,
1577 1728 2003 1807 importunitas
2051 1739 2253 1790 autem
2306 1742 2369 1791 et

464 1825 878 1887 inhumanitas
907 1824 1073 1885 omni
1104 1825 1288 1885 aetati
1316 1826 1578 1886 molesta
1604 1835 1719 1887 est.

398 1922 434 1985 8
545 1924 843 1983 LAELms.
928 1922 1053 1995 Est,
1101 1931 1169 1982 ut
1214 1922 1384 1997 dicis,
1436 1924 1640 1998 Cato;
1694 1923 1803 1984 sed
1852 1924 2116 1986 fortasse
2155 1925 2377 1989 dixerit

462 2019 766 2100 quispiam
795 2019 905 2080 tibi
934 2029 1181 2098 propter
1209 2039 1359 2099 opes
1387 2030 1451 2081 et
1479 2020 1691 2099 copias
1720 2032 1783 2082 et
1811 2023 2168 2101 dignitatem
2206 2034 2374 2085 tuam

462 2117 935 2180 tolerabiliorem
993 2127 1369 2178 senectutem
1417 2118 1628 2193 videri,
1676 2118 1737 2178 id
1786 2130 1988 2180 autem
2028 2141 2152 2181 non
2190 2140 2387 2202 posse-

463 2215 669 2276 multis
698 2215 1070 2293 contingere.

546 2314 741 2374 CA'ro.
826 2312 938 2373 Est
967 2312 1122 2372 istuc
1160 2312 1426 2391 quidem,
1472 2313 1663 2388 Laeli,
1708 2314 1954 2393 aliquid,
1993 2317 2104 2378 sed
2147 2336 2375 2396 nequa·

464 2428 647 2488 quam
697 2409 758 2468 in
802 2409 920 2470 isto
962 2420 1102 2470 sunt
1145 2411 1351 2470 omnia
1374 2434 1393 2486 3
1446 2422 1512 2471 ut
1554 2413 2001 2475 Themistocles
2036 2415 2228 2476 fertur
2268 2417 2373 2478 Se-

463 2507 659 2585 riphio
693 2507 952 2568 cuidam*
978 2508 1040 2566 in
1085 2507 1277 2586 iurgio
1324 2510 1735 2587 respondisse,
1780 2531 1916 2571 cum
1969 2512 2070 2572 ille
2120 2513 2375 2575 dixisset

465 2624 590 2666 non
620 2624 757 2665 eum
786 2624 912 2679 sua,
945 2604 1051 2665 sed
1084 2605 1314 2682 patriae
1341 2606 1538 2685 gloria
1565 2608 1953 2686 splendorem
1985 2621 2332 2671 assecutum
2358 2633 2374 2672 z

467 2705 617 2762 ‘nec
645 2702 889 2763 hercule
908 2701 944 2773 ³,
977 2701 1183 2780 inquit,
1231 2702 1313 2762 ‘si
1353 2721 1469 2781 ego
1513 2704 1826 2782 Seriphius
1870 2724 2087 2779 essem,
2134 2726 2248 2768 nec
2287 2720 2371 2783 tu,

439 2798 517 2859 ‘si
546 2799 959 2872 Atheniensis,
991 2798 1188 2858 clarus
1223 2819 1510 2878 umquam
1554 2802 1777 2862 fuisses
1803 2802 1839 2862 ’.
1924 2802 2110 2878 Quod
2153 2806 2372 2866 eodem

463 2896 649 2956 modo
692 2896 769 2956 de
819 2905 1131 2956 senectute
1177 2895 1297 2957 dici
1343 2908 1590 2975 potest;
1649 2918 1764 2960 nec
1812 2899 1974 2960 enim
2024 2899 2086 2959 in
2137 2920 2373 2962 summa

464 2991 672 3071 inopia
710 2992 860 3053 levis
903 3012 1040 3053 esse
1082 3004 1367 3054 senectus
1412 3004 1639 3073 potest,
1679 3014 1757 3055 ne
1799 2996 2062 3074 sapienti
2105 2997 2370 3075 quidem,

398 3111 434 3170 9
467 3110 582 3150 nec
610 3089 919 3169 insipienti
948 3092 1130 3150 etiam
1160 3091 1222 3150 in
1253 3111 1490 3151 summa
1511 3093 1690 3171 copia
1712 3111 1836 3153 non
1856 3095 2080 3172 gravis.
2169 3097 2372 3175 Aptis-

465 3186 621 3249 sima
648 3189 898 3248 omnino
927 3197 1085 3261 sunt,
1120 3188 1324 3267 Scipio
1356 3199 1418 3249 et
1447 3189 1636 3263 Laeli,
1663 3209 1831 3250 arma
1853 3191 2186 3252 senectutis
2208 3203 2371 3253 artes

462 3284 1052 3363 exercitationesque
1098 3285 1411 3361 virtutum,
1437 3306 1593 3364 quae
1632 3286 1694 3346 in
1725 3287 1888 3348 omni
1919 3298 2121 3350 aetate
2149 3290 2366 3367 cultae,

463 3402 602 3444 cum
632 3383 738 3443 diu
766 3384 1142 3458 multumque
1188 3381 1427 3457 vixeris,
1474 3384 1760 3446 mirificos
1799 3386 2076 3447 ecferunt
2115 3386 2368 3461 fructuS,

466 3499 591 3541 non
620 3480 815 3541 solum
847 3479 990 3559 quia
1017 3498 1348 3556 numquam
1378 3481 1687 3556 deserunt,
1717 3500 1795 3542 ne
1823 3492 2094 3543 extremo
2121 3484 2367 3564 quidem
