2788 3999
345 344 487 399 v11.
519 343 617 417 22]
1023 340 1136 394 DE
1189 340 1699 396 SENECTUTE.
2213 344 2263 413 9
2304 401 2322 418 ,

343 531 563 573 novem
595 511 774 570 annis
802 520 942 588 post
970 529 1170 570 meum
1201 511 1607 585 consulatum,
1628 530 1765 571 cum
1796 512 2009 573 consul
2041 513 2257 572 iterum

340 629 438 670 me
481 610 734 669 consule
778 618 1019 668 creatus
1060 616 1244 683 esset.
1334 608 1493 666 Num
1539 608 1734 686 igitur,
1781 609 1832 669 si
1877 609 1956 669 ad
2000 609 2255 670 centesi-

340 727 503 766 mum
550 725 777 766 annum
821 706 1089 778 vixisset,
1123 706 1458 766 senectutis
1501 726 1639 766 eum
1684 726 1830 766 suae
1873 707 2255 786 paeniteret?

341 806 474 864 Nec
504 804 668 863 enim
698 803 1056 863 excursione
1104 821 1217 862 nec
1260 804 1440 877 saltu,
1474 822 1588 862 nec
1630 804 1869 864 eminus
1913 804 2105 864 hastis
2150 814 2254 865 aut

339 902 678 962 comminus
705 900 926 979 gladiis
948 910 1235 973 uteretur,
1258 901 1369 960 sed
1392 901 1651 961 consilio
1673 901 1907 961 ratione
1932 903 2254 976 sententia,

338 1000 496 1076 quae
547 997 665 1057 nisi
710 1008 919 1058 essent
967 999 1026 1057 in
1080 998 1347 1071 senibuS‚
1401 1017 1525 1058 non
1576 1017 1876 1058 summum
1933 1000 2255 1059 consilium

337 1095 601 1155 maiores
632 1095 824 1155 nostri
867 1095 1282 1173 appellassent
1325 1105 1629 1155 senatum.
1716 1096 1897 1174 Apud
1944 1097 2251 1156 Lacedae·
2289 1118 2356 1156 20

336 1193 576 1252 monios
600 1192 845 1271 quidem
869 1192 943 1265 ei,
964 1192 1067 1270 qui
1099 1192 1538 1270 amplissimum
1571 1192 1986 1271 magistratum
2016 1203 2253 1272 gerunt,

336 1300 401 1350 ut
430 1301 590 1363 sunt,
631 1291 719 1351 sic
768 1290 949 1349 etiam
998 1290 1387 1349 nominantur
1433 1308 1632 1351 seneS.
1720 1290 1905 1365 Quod
1956 1291 2007 1351 si
2054 1291 2253 1368 legere

338 1398 443 1448 aut
499 1388 707 1448 audire
757 1388 975 1447 voletis
1032 1399 1301 1461 externa,
1348 1387 1645 1447 maximas
1702 1407 1799 1449 res
1856 1388 2133 1466 publicas
2177 1389 2255 1448 ab

338 1483 835 1546 adulescentibus
890 1484 1309 1558 labefactatas,
1363 1503 1402 1543 a
1456 1485 1706 1546 senibus
1761 1495 2137 1546 sustentatas
2193 1496 2254 1545 et

337 1582 651 1643 restitutas
680 1581 1011 1658 reperietis·

382 1713 533 1774 Cedo
551 1715 662 1791 qui
676 1721 927 1772 vestram
955 1733 1075 1773 rem
1088 1716 1392 1791 publicam
1416 1723 1643 1774 tantam
1665 1715 1950 1773 amisistis
1969 1723 2090 1774 tam
2113 1717 2220 1773 cito
2238 1718 2266 1773 2

337 1868 428 1930 sic
456 1867 621 1928 enim
651 1877 1087 1946 percontantur
1116 1867 1177 1927 in
1209 1868 1408 1928 Naevi
1437 1877 1658 1946 poetae
1691 1867 1888 1927 Ludo·
1974 1869 2254 1945 Respon-

337 1965 560 2028 dentur
587 1975 650 2026 et
678 1964 798 2027 alia
826 1975 888 2026 et
919 1966 1036 2026 hoc
1067 1965 1127 2025 in
1159 1965 1403 2044 primis:

509 2118 937 2196 proveniebant
959 2126 1215 2177 oratores
1241 2118 1393 2190 novi,
1419 2119 1591 2176 stulti
1616 2118 2045 2178 adulescentuli.

338 2270 681 2333 Temeritas
711 2281 805 2330 est
833 2269 1117 2330 videlicet
1146 2269 1420 2329 florentis
1452 2269 1688 2343 aetatiS,
1709 2269 2033 2347 prudentia
2061 2288 2265 2331 senes·

268 2400 286 2416 ··
338 2369 553 2431 centis.

418 2469 571 2526 VII.
663 2468 741 2527 At
797 2464 1090 2525 memoria
1142 2463 1447 2526 minuitur.
1535 2463 1756 2538 Credo,
1802 2463 1919 2525 nisi
1967 2482 2102 2523 eam
2158 2482 2254 2522 ex·
2285 2484 2353 2525 21

339 2584 565 2637 erceaS,
600 2575 704 2623 aut
745 2563 927 2624 etiam
979 2562 1031 2622 si
1081 2561 1166 2622 sis
1212 2572 1429 2620 natura
1473 2561 1724 2621 tardior.
1807 2560 2253 2622 Themistocles

340 2662 612 2722 omnium
642 2659 862 2720 civium
892 2668 1252 2737 perceperat
1283 2658 1534 2719 nomina
1554 2679 1572 2733 3
1613 2677 1755 2717 num
1789 2658 1967 2736 igitur
1989 2659 2253 2718 censetis

342 2779 497 2829 eum,
531 2778 666 2818 cum
715 2767 917 2816 aetate
960 2756 1378 2835 processisset,
1414 2755 1518 2834 qui
1551 2754 1852 2815 Aristides
1896 2764 2058 2814 esset
2089 2755 2255 2833 Lysi·

272 2931 279 2940 ῃ
343 2857 623 2916 maehum
654 2855 919 2914 salutare
943 2853 1225 2913 solitum?
1283 2852 1583 2930 Equidem
1610 2872 1731 2911 non
1763 2853 1948 2912 modo
1978 2871 2086 2912 eos
2110 2853 2253 2912 novi

343 2953 444 3047 qui
472 2962 632 3025 sunt,
665 2952 775 3012 sed
805 2970 1012 3011 eorum
1049 2960 1255 3028 patres
1299 2951 1484 3010 etiam
1528 2961 1589 3010 et
1632 2969 1796 3024 εινοε,
1830 2968 1944 3009 nec
1973 2950 2254 3027 sepulcra

345 3051 551 3129 legens
593 3067 823 3121 vereor,
856 3047 1022 3126 quod
1067 3047 1253 3120 aiunt,
1288 3067 1364 3107 ne
1410 3049 1762 3109 memoriam
1807 3047 2104 3126 perdam;
2158 3048 2252 3108 his

345 3148 503 3208 enim
548 3147 696 3224 ipsis
746 3145 1021 3225 legendis
1077 3145 1138 3204 in
1196 3146 1547 3204 memoriam
1607 3146 1794 3205 redeo
1851 3155 2246 3205 mortuorum.

348 3247 477 3306 Nec
521 3263 667 3305 vero
713 3262 1079 3321 quemquam
1132 3262 1360 3302 senem.
1390 3242 1595 3302 audivi
1643 3243 1919 3317 oblitum,
1953 3262 2077 3321 quo
2115 3242 2252 3303 loco

347 3344 692 3403 thesaurum
723 3341 1042 3402 obruisset.
1129 3340 1356 3402 Omnia
1385 3359 1541 3417 quae
1571 3350 1787 3400 curant
1828 3341 2250 3413 meminerunt,

345 3439 691 3499 vadimonia
719 3439 1067 3511 constituta,
1101 3438 1236 3515 quis
1264 3438 1399 3511 sibi,
1431 3438 1529 3497 cui
1556 3437 1672 3515 ipsi
1713 3437 2001 3498 debeant.
2086 3438 2251 3513 Quid
2283 3455 2353 3496 22

347 3535 489 3597 iuris
533 3536 818 3608 consulti,
872 3534 1020 3616 quid
1066 3535 1405 3613 pontifices,
1442 3528 1589 3613 quid
1641 3553 1916 3617 augures,
1950 3535 2096 3612 quid
2125 3535 2250 3612 phi·
