2788 3999
380 1051 457 1115 79

383 1820 462 1876 80

387 2500 458 2557 81

297 3339 470 3432 ⁶,82

490 283 576 347 30
1255 281 1598 336 LAELIUS
2097 271 2289 354 [XXI.
2322 283 2382 349 78

485 456 887 517 contumeliae
958 457 1301 535 gignuntur.
1414 456 1591 531 Quae
1646 432 1852 516 tamen
1918 458 1971 517 si
2040 458 2388 519 tolerabiles

486 564 678 627 erunt,
713 554 1006 613 ferendae
1047 564 1190 613 sunt
1230 563 1293 613 et
1329 554 1429 614 hic
1471 556 1670 614 honos
1711 555 1901 614 veteri
1939 554 2240 615 amicitiae
2285 555 2387 615 tri-

486 651 783 724 buendus,
816 661 882 710 ut
910 651 962 710 is
991 651 1053 709 in
1082 651 1262 728 culpa
1289 651 1368 710 sit
1398 650 1503 729 qui
1529 650 1733 725 faciat,
1761 670 1883 711 non
1907 651 1959 711 is
1983 652 2085 730 qui
2106 653 2387 730 patiatur,

486 763 781 805 iniuriam.

567 842 836 903 Omnino
867 843 1135 903 omnium
1176 844 1390 903 horum
1435 844 1713 904 vitiorum
1758 853 1941 922 atque
1985 832 2412 906 incommodo-⁶

486 958 616 1000 rum
667 959 791 999 una
837 940 1038 999 cautio
1087 950 1182 1000 est
1231 951 1416 1019 atque
1465 960 1590 1002 una
1637 941 1920 1019 provisio,
1969 953 2036 1003 ut
2085 961 2161 1002 ne
2212 942 2389 1002 nimis

487 1036 609 1096 cito
648 1037 898 1114 diligere
942 1037 1256 1114 incipiant·
1281 1055 1438 1097 neve
1481 1058 1606 1098 non
1646 1038 1885 1118 dignoS.
1972 1040 2156 1119 Digni
2190 1049 2389 1099 autem

489 1143 631 1194 sunt
659 1134 939 1207 amicitia,
971 1135 1192 1213 quibus
1222 1135 1281 1194 in
1314 1134 1463 1213 ipsis
1494 1134 1654 1196 inest
1682 1155 1869 1197 causa
1896 1157 2003 1197 cur
2030 1137 2390 1216 diligantur:

488 1249 687 1290 rarum
741 1249 979 1309 genus3
1045 1242 1108 1291 et
1151 1232 1398 1309 quidem
1456 1233 1661 1293 omnia
1716 1235 2028 1311 praeclara
2075 1252 2226 1308 rara,
2281 1251 2393 1292 nec

491 1328 813 1406 quicquam
863 1328 1163 1388 difficilius
1215 1348 1399 1407 quam
1448 1331 1713 1409 reperire
1737 1333 1926 1409 -quod
1977 1332 2055 1391 sit
2104 1330 2270 1391 omni
2317 1349 2394 1390 ex

490 1436 661 1505 parte
690 1425 753 1485 in
782 1444 893 1486 suo
920 1444 1143 1504 genere
1173 1428 1552 1504 perfectum·
1615 1429 1737 1489 Sed
1773 1429 2047 1506 plerique
2091 1447 2288 1506 neque
2331 1428 2394 1487 in

490 1524 671 1583 rebus
740 1523 1022 1583 humanis
1082 1524 1405 1602 quicquam
1460 1527 1723 1585 bonum·
1767 1536 1987 1584 norunt
2043 1526 2159 1584 nisi
2229 1525 2393 1603 quod

488 1621 863 1680 fructuosum
899 1620 995 1693 sit,
1025 1630 1088 1680 et
1130 1622 1357 1681 amicos
1402 1632 1709 1701 tamquam
1755 1622 2022 1700 pecudes
2065 1641 2172 1682 eos
2215 1620 2396 1699 potis-

491 1718 709 1778 simum
738 1717 1012 1796 diligunt,
1046 1737 1120 1778 ex
1150 1720 1369 1797 quibus
1401 1730 1650 1798 sperant
1681 1739 1748 1779 se
1780 1720 2103 1779 maximum
2134 1721 2393 1779 fructum

490 1834 626 1876 esse
655 1825 961 1894 capturos
1048 1819 1144 1876 Ita
1170 1817 1575 1894 pulcherrima
1604 1817 1708 1876 illa
1736 1826 1798 1876 et
1835 1818 2093 1877 maxime
2134 1817 2395 1877 naturali

491 1925 700 1976 carent
750 1913 1015 1975 amicitia
1052 1933 1161 1991 per
1196 1933 1263 1973 se
1299 1925 1361 1974 et
1400 1925 1651 1992 propter
1684 1933 1750 1974 se
1796 1915 2079 1990 expetita,
2128 1932 2239 1973 nec
2281 1914 2396 1991 ipsi

493 2013 609 2073 sibi
637 2014 917 2092 exemplo
948 2022 1107 2085 sunt,
1137 2013 1290 2071 haec
1319 2012 1409 2071 vis
1440 2012 1739 2072 amicitiae
1762 2023 1825 2072 et
1854 2013 2051 2087 qualis
2080 2022 2141 2072 et
2170 2021 2398 2089 quanta

494 2110 573 2170 sit
592 2132 610 2184 ;
664 2110 793 2187 ipse
823 2111 984 2170 enim
1015 2129 1081 2169 se
1122 2109 1380 2188 quisque
1425 2109 1636 2187 diligit,
1671 2129 1791 2169 non
1835 2119 1904 2169 ut
1944 2110 2210 2187 aliquam
2253 2128 2290 2167 a
2330 2127 2397 2167 se

494 2208 624 2285 ipse
654 2208 994 2267 mercedem
1033 2207 1235 2286 exigat
1270 2206 1540 2266 caritatis
1591 2213 1756 2280 s'uae,
1805 2207 1916 2266 sed
1964 2207 2129 2283 quod
2176 2224 2283 2283 per
2331 2224 2397 2265 se

494 2303 752 2381 quisque
792 2304 905 2363 sibi
951 2324 1127 2364 carus
1173 2313 1268 2364 est
1288 2327 1306 2378 3
1373 2303 1539 2380 quod
1584 2302 1909 2362 nisiidem
1961 2304 2029 2361 in>
2075 2301 2397 2362 amicitiam

494 2403 907 2473 transferetur,
962 2421 1140 2461 verus
1207 2403 1437 2460 amicus
1496 2400 1825 2477 numq‘uam
1880 2400 2246 2476 reperietur:
2305 2408 2400 2458 est

493 2497 654 2557 enim
704 2498 773 2568 is,
829 2499 932 2574 qui
988 2510 1082 2558 est
1131 2509 1438 2575 tamquam
1491 2497 1644 2555 alter
1691 2497 1870 2556 idem,
1955 2494 2141 2570 Quod
2187 2497 2236 2555 si
2281 2498 2399 2555 hoc

499 2606 752 2671 apparet
779 2595 839 2652 in
870 2594 1082 2653 bestiis
1112 2595 1459 2654 volucribus
1492 2593 1778 2652 nantibus
1810 2593 2167 2671 agrestibus,
2198 2592 2403 2652 cicuri-

496 2692 610 2751 bus
637 2691 799 2762 feriS,
833 2691 1087 2767 primum
1119 2702 1184 2749 ut
1228 2710 1292 2749 se
1337 2692 1505 2767 ipsae
1551 2690 1822 2767 diligant,
1870 2689 1931 2747 id
1974 2686 2145 2751 enirn>
2179 2689 2403 2766 pariter

496 2805 633 2847 cum
665 2789 829 2846 omni
861 2789 1164 2847 animante
1197 2788 1480 2859 nascitur,
1511 2788 1733 2847 deinde
1764 2797 1829 2845 ut
1868 2786 2178 2863 requirant
2204 2796 2401 2863 'atque

498 2894 788 2961 appetant
810 2886 889 2944 ad
913 2905 1064 2961 quas
1088 2903 1153 2943 se
1178 2885 1484 2961 applicent
1503 2884 1774 2943 eiusdem
1796 2884 2036 2962 generis
2060 2883 2400 2956 animantis,

499 2980 683 3059 idque
711 2982 939 3041 faciant
970 3002 1105 3041 cum
1135 2982 1439 3041 desiderio
1464 2992 1524 3040 et
1547 3000 1685 3040 cum
1715 2981 1980 3058 quadam
2011 2980 2402 3039 similitudine

501 3080 720 3138 amoris
749 3079 1013 3152 humani,
1047 3088 1277 3157 quanto
1313 3079 1374 3137 id
1421 3079 1612 3156 magis
1656 3077 1717 3135 in
1764 3078 2009 3136 homine
2051 3077 2123 3136 fit
2168 3087 2400 3150 natura,

502 3175 606 3253 qui
635 3186 696 3235 et
725 3195 791 3235 se
821 3176 952 3254 ipse
981 3177 1176 3255 diligit
1205 3187 1266 3234 et
1300 3176 1553 3234 alterum
1601 3175 1879 3251 anquirit,
1925 3175 2098 3234 cuius
2140 3174 2404 3233 animum

505 3275 588 3332 ita
618 3292 754 3333 cum
785 3294 895 3333 suo
928 3274 1200 3347 misceat,
1227 3283 1294 3332 ut
1325 3274 1548 3332 efficiat
1578 3291 1772 3350 paene
1803 3289 1991 3331 unum
2012 3291 2098 3331 -ex
2128 3273 2403 3332 duobus!

584 3372 791 3430 XXII.
880 3371 998 3429 Sed
1031 3372 1302 3447 plerique
1332 3389 1631 3446 perverse,
1666 3388 1741 3427 ne
1769 3369 1967 3428 dicam
2004 3368 2403 3448 impudenter,

506 3467 729 3525 habere
757 3467 939 3525 talem
974 3466 1232 3525 amicum
1262 3467 1492 3539 volunt,
1526 3467 1736 3542 quales
1776 3465 1890 3542 ipsi
1929 3483 2064 3525 esse
2109 3485 2230 3525 non
2272 3484 2399 3542 pos·
