<?xml version="1.0" encoding="UTF-8"?>
<!DOCTYPE html PUBLIC "-//W3C//DTD XHTML 1.0 Transitional//EN"
    "http://www.w3.org/TR/xhtml1/DTD/xhtml1-transitional.dtd">
<html xmlns="http://www.w3.org/1999/xhtml" xml:lang="en" lang="en">
 <head>
  <title>
</title>
<meta http-equiv="Content-Type" content="text/html;charset=utf-8" />
  <meta name='ocr-system' content='tesseract 3.04.00' />
  <meta name='ocr-capabilities' content='ocr_page ocr_carea ocr_par ocr_line ocrx_word'/>
</head>
<body>
  <div class='ocr_page' id='page_1' title='image "./catomaiordesene07cicegoog_0058.png"; bbox 0 0 2788 3999; ppageno 0'>
   <div class='ocr_carea' id='block_1_1' title="bbox 404 1189 474 1249">
    <p class='ocr_par' dir='ltr' id='par_1_1' title="bbox 404 1189 474 1249">
     <span class='ocr_line' id='line_1_1' title="bbox 404 1189 474 1249; baseline 0 -20"><span class='ocrx_word' id='word_1_1' title='bbox 404 1189 474 1249; x_wconf 85' lang='grc'>52</span> 
     </span>
    </p>
   </div>
   <div class='ocr_carea' id='block_1_2' title="bbox 405 2546 474 2604">
    <p class='ocr_par' dir='ltr' id='par_1_2' title="bbox 405 2546 474 2604">
     <span class='ocr_line' id='line_1_2' title="bbox 405 2546 474 2604; baseline -0.029 0"><span class='ocrx_word' id='word_1_2' title='bbox 405 2546 474 2604; x_wconf 87' lang='grc'>53</span> 
     </span>
    </p>
   </div>
   <div class='ocr_carea' id='block_1_3' title="bbox 512 316 2411 391">
    <p class='ocr_par' dir='ltr' id='par_1_3' title="bbox 512 316 2411 391">
     <span class='ocr_line' id='line_1_3' title="bbox 512 316 2411 391; baseline -0.004 -13"><span class='ocrx_word' id='word_1_3' title='bbox 512 320 596 369; x_wconf 89' lang='lat'>22</span> <span class='ocrx_word' id='word_1_4' title='bbox 1184 319 1398 375; x_wconf 80' lang='lat' dir='ltr'>cATo</span> <span class='ocrx_word' id='word_1_5' title='bbox 1450 319 1721 374; x_wconf 83' lang='lat' dir='ltr'>MA1oR</span> <span class='ocrx_word' id='word_1_6' title='bbox 2164 316 2318 391; x_wconf 84' lang='lat' dir='ltr'><strong>[xv.</strong></span> <span class='ocrx_word' id='word_1_7' title='bbox 2351 329 2411 387; x_wconf 84' lang='lat'>51</span> 
     </span>
    </p>
   </div>
   <div class='ocr_carea' id='block_1_4' title="bbox 506 486 2423 1140">
    <p class='ocr_par' dir='ltr' id='par_1_4' title="bbox 506 486 2423 1140">
     <span class='ocr_line' id='line_1_4' title="bbox 506 486 2417 567; baseline 0 -22"><span class='ocrx_word' id='word_1_8' title='bbox 506 487 766 567; x_wconf 88' lang='lat' dir='ltr'>primum</span> <span class='ocrx_word' id='word_1_9' title='bbox 816 486 879 546; x_wconf 91' lang='lat' dir='ltr'>id</span> <span class='ocrx_word' id='word_1_10' title='bbox 932 499 1323 549; x_wconf 86' lang='lat' dir='ltr'>occaecatum</span> <span class='ocrx_word' id='word_1_11' title='bbox 1369 490 1633 561; x_wconf 85' lang='lat' dir='ltr'>cohibet,</span> <span class='ocrx_word' id='word_1_12' title='bbox 1681 507 1757 548; x_wconf 86' lang='lat' dir='ltr'>ex</span> <span class='ocrx_word' id='word_1_13' title='bbox 1800 508 1922 565; x_wconf 93' lang='lat' dir='ltr'>quo</span> <span class='ocrx_word' id='word_1_14' title='bbox 1972 487 2210 549; x_wconf 85' lang='lat' dir='ltr'>occatio</span> <span class='ocrx_word' id='word_1_15' title='bbox 2260 505 2417 565; x_wconf 90' lang='lat' dir='ltr'>quae</span> 
     </span>
     <span class='ocr_line' id='line_1_5' title="bbox 507 585 2420 665; baseline 0 -22"><span class='ocrx_word' id='word_1_16' title='bbox 507 586 625 645; x_wconf 90' lang='lat' dir='ltr'>hoc</span> <span class='ocrx_word' id='word_1_17' title='bbox 655 585 839 645; x_wconf 89' lang='lat' dir='ltr'>efficit</span> <span class='ocrx_word' id='word_1_18' title='bbox 878 588 1191 646; x_wconf 89' lang='lat' dir='ltr'>nominata</span> <span class='ocrx_word' id='word_1_19' title='bbox 1233 597 1327 646; x_wconf 88' lang='lat' dir='ltr'>est</span> <span class='ocrx_word' id='word_1_20' title='bbox 1347 610 1364 661; x_wconf 74' lang='lat'>5</span> <span class='ocrx_word' id='word_1_21' title='bbox 1420 587 1644 645; x_wconf 89' lang='lat' dir='ltr'>deinde</span> <span class='ocrx_word' id='word_1_22' title='bbox 1688 589 2057 665; x_wconf 82' lang='lat' dir='ltr'>tepefactum</span> <span class='ocrx_word' id='word_1_23' title='bbox 2089 604 2314 662; x_wconf 91' lang='lat' dir='ltr'>vapore</span> <span class='ocrx_word' id='word_1_24' title='bbox 2358 596 2420 643; x_wconf 91' lang='lat' dir='ltr'>et</span> 
     </span>
     <span class='ocr_line' id='line_1_6' title="bbox 507 683 2419 760; baseline -0.001 -18"><span class='ocrx_word' id='word_1_25' title='bbox 507 701 862 760; x_wconf 91' lang='lat' dir='ltr'>compressu</span> <span class='ocrx_word' id='word_1_26' title='bbox 907 703 1019 742; x_wconf 91' lang='lat' dir='ltr'>suo</span> <span class='ocrx_word' id='word_1_27' title='bbox 1063 683 1351 743; x_wconf 86' lang='lat' dir='ltr'>diffundit</span> <span class='ocrx_word' id='word_1_28' title='bbox 1393 694 1455 743; x_wconf 89' lang='lat' dir='ltr'>et</span> <span class='ocrx_word' id='word_1_29' title='bbox 1498 684 1661 743; x_wconf 90' lang='lat' dir='ltr'>elicit</span> <span class='ocrx_word' id='word_1_30' title='bbox 1704 684 2164 743; x_wconf 87' lang='lat' dir='ltr'>herbescentem</span> <span class='ocrx_word' id='word_1_31' title='bbox 2220 702 2296 741; x_wconf 86' lang='lat' dir='ltr'>ex</span> <span class='ocrx_word' id='word_1_32' title='bbox 2344 701 2419 741; x_wconf 91' lang='lat' dir='ltr'>eo</span> 
     </span>
     <span class='ocr_line' id='line_1_7' title="bbox 508 777 2420 859; baseline -0.001 -19"><span class='ocrx_word' id='word_1_33' title='bbox 508 780 893 853; x_wconf 86' lang='lat' dir='ltr'>viriditatem,</span> <span class='ocrx_word' id='word_1_34' title='bbox 939 799 1095 856; x_wconf 89' lang='lat' dir='ltr'>quae</span> <span class='ocrx_word' id='word_1_35' title='bbox 1140 780 1281 839; x_wconf 85' lang='lat' dir='ltr'>nixa</span> <span class='ocrx_word' id='word_1_36' title='bbox 1322 777 1491 840; x_wconf 84' lang='lat' dir='ltr'>fibri‘s</span> <span class='ocrx_word' id='word_1_37' title='bbox 1533 781 1807 859; x_wconf 88' lang='lat' dir='ltr'>stirpium</span> <span class='ocrx_word' id='word_1_38' title='bbox 1853 781 2077 840; x_wconf 91' lang='lat' dir='ltr'>sensim</span> <span class='ocrx_word' id='word_1_39' title='bbox 2124 780 2420 838; x_wconf 89' lang='lat' dir='ltr'>adolescit</span> 
     </span>
     <span class='ocr_line' id='line_1_8' title="bbox 512 877 2420 955; baseline -0.001 -17"><span class='ocrx_word' id='word_1_40' title='bbox 512 878 836 955; x_wconf 87' lang='lat' dir='ltr'>culmoque</span> <span class='ocrx_word' id='word_1_41' title='bbox 866 888 1070 937; x_wconf 87' lang='lat' dir='ltr'>erecta</span> <span class='ocrx_word' id='word_1_42' title='bbox 1098 878 1447 955; x_wconf 89' lang='lat' dir='ltr'>geniculato</span> <span class='ocrx_word' id='word_1_43' title='bbox 1477 878 1711 955; x_wconf 90' lang='lat' dir='ltr'>vaginis</span> <span class='ocrx_word' id='word_1_44' title='bbox 1736 880 1853 937; x_wconf 93' lang='lat' dir='ltr'>iam</span> <span class='ocrx_word' id='word_1_45' title='bbox 1878 878 2054 954; x_wconf 86' lang='lat' dir='ltr'>quasi</span> <span class='ocrx_word' id='word_1_46' title='bbox 2078 877 2420 954; x_wconf 87' lang='lat' dir='ltr'>pubescens</span> 
     </span>
     <span class='ocr_line' id='line_1_9' title="bbox 508 974 2419 1056; baseline -0.001 -22"><span class='ocrx_word' id='word_1_47' title='bbox 508 974 844 1056; x_wconf 82' lang='lat' dir='ltr'>includitur</span> <span class='ocrx_word' id='word_1_48' title='bbox 857 998 875 1050; x_wconf 80' lang='lat'>3</span> <span class='ocrx_word' id='word_1_49' title='bbox 932 995 964 1034; x_wconf 92' lang='lat' dir='ltr'>e</span> <span class='ocrx_word' id='word_1_50' title='bbox 1003 975 1403 1051; x_wconf 80' lang='lat' dir='ltr'>quibuscum</span> <span class='ocrx_word' id='word_1_51' title='bbox 1451 976 1712 1048; x_wconf 90' lang='lat' dir='ltr'>emersit,</span> <span class='ocrx_word' id='word_1_52' title='bbox 1744 976 1946 1035; x_wconf 80' lang='lat' dir='ltr'>fundit</span> <span class='ocrx_word' id='word_1_53' title='bbox 1987 976 2222 1052; x_wconf 85' lang='lat' dir='ltr'>frugem</span> <span class='ocrx_word' id='word_1_54' title='bbox 2267 976 2419 1052; x_wconf 90' lang='lat' dir='ltr'>spici</span> 
     </span>
     <span class='ocr_line' id='line_1_10' title="bbox 508 1074 2423 1140; baseline -0.001 -8"><span class='ocrx_word' id='word_1_55' title='bbox 508 1074 721 1132; x_wconf 89' lang='lat' dir='ltr'>ordine</span> <span class='ocrx_word' id='word_1_56' title='bbox 754 1083 1042 1133; x_wconf 90' lang='lat' dir='ltr'>structam</span> <span class='ocrx_word' id='word_1_57' title='bbox 1073 1083 1135 1132; x_wconf 90' lang='lat' dir='ltr'>et</span> <span class='ocrx_word' id='word_1_58' title='bbox 1163 1085 1374 1131; x_wconf 92' lang='lat' dir='ltr'>contra</span> <span class='ocrx_word' id='word_1_59' title='bbox 1404 1074 1603 1132; x_wconf 90' lang='lat' dir='ltr'>avium</span> <span class='ocrx_word' id='word_1_60' title='bbox 1638 1074 1933 1132; x_wconf 90' lang='lat' dir='ltr'>minorum</span> <span class='ocrx_word' id='word_1_61' title='bbox 1968 1092 2204 1132; x_wconf 90' lang='lat' dir='ltr'>morsus</span> <span class='ocrx_word' id='word_1_62' title='bbox 2236 1074 2423 1140; x_wconf 82' lang='lat' dir='ltr'>muni-</span> 
     </span>
    </p>
   </div>
   <div class='ocr_carea' id='block_1_5' title="bbox 495 1160 2424 1247">
    <p class='ocr_par' dir='ltr' id='par_1_5' title="bbox 495 1160 2424 1247">
     <span class='ocr_line' id='line_1_11' title="bbox 495 1160 2424 1247; baseline -0.002 -17"><span class='ocrx_word' id='word_1_63' title='bbox 495 1160 607 1231; x_wconf 39' lang='lat' dir='ltr'>⁴&#39;tur</span> <span class='ocrx_word' id='word_1_64' title='bbox 647 1170 810 1229; x_wconf 91' lang='lat' dir='ltr'>vallo</span> <span class='ocrx_word' id='word_1_65' title='bbox 860 1170 1195 1230; x_wconf 89' lang='lat' dir='ltr'>aristarum.</span> <span class='ocrx_word' id='word_1_66' title='bbox 1282 1169 1451 1243; x_wconf 85' lang='lat' dir='ltr'>Quid</span> <span class='ocrx_word' id='word_1_67' title='bbox 1501 1189 1615 1247; x_wconf 92' lang='lat' dir='ltr'>ego</span> <span class='ocrx_word' id='word_1_68' title='bbox 1658 1171 1870 1229; x_wconf 90' lang='lat' dir='ltr'>vitium</span> <span class='ocrx_word' id='word_1_69' title='bbox 1913 1180 2082 1229; x_wconf 89' lang='lat' dir='ltr'>ortus</span> <span class='ocrx_word' id='word_1_70' title='bbox 2126 1183 2296 1229; x_wconf 91' lang='lat' dir='ltr'>satus</span> <span class='ocrx_word' id='word_1_71' title='bbox 2340 1170 2424 1227; x_wconf 90' lang='lat' dir='ltr'>in-</span> 
     </span>
    </p>
   </div>
   <div class='ocr_carea' id='block_1_6' title="bbox 506 1268 2422 2327">
    <p class='ocr_par' dir='ltr' id='par_1_6' title="bbox 506 1268 2422 2327">
     <span class='ocr_line' id='line_1_12' title="bbox 507 1268 2421 1328; baseline -0.001 0"><span class='ocrx_word' id='word_1_72' title='bbox 507 1277 818 1328; x_wconf 89' lang='lat' dir='ltr'>crementa</span> <span class='ocrx_word' id='word_1_73' title='bbox 886 1271 1402 1327; x_wconf 86' lang='lat' dir='ltr'>commemorem?</span> <span class='ocrx_word' id='word_1_74' title='bbox 1525 1268 1745 1327; x_wconf 89' lang='lat' dir='ltr'>Satiari</span> <span class='ocrx_word' id='word_1_75' title='bbox 1814 1268 2223 1328; x_wconf 87' lang='lat' dir='ltr'>delectatione</span> <span class='ocrx_word' id='word_1_76' title='bbox 2296 1287 2421 1327; x_wconf 92' lang='lat' dir='ltr'>non</span> 
     </span>
     <span class='ocr_line' id='line_1_13' title="bbox 508 1365 2422 1442; baseline -0.001 -17"><span class='ocrx_word' id='word_1_77' title='bbox 508 1383 776 1442; x_wconf 91' lang='lat' dir='ltr'>possum,</span> <span class='ocrx_word' id='word_1_78' title='bbox 809 1374 874 1425; x_wconf 91' lang='lat' dir='ltr'>ut</span> <span class='ocrx_word' id='word_1_79' title='bbox 910 1383 1081 1424; x_wconf 89' lang='lat' dir='ltr'>meae</span> <span class='ocrx_word' id='word_1_80' title='bbox 1126 1366 1457 1425; x_wconf 88' lang='lat' dir='ltr'>senectutis</span> <span class='ocrx_word' id='word_1_81' title='bbox 1503 1366 1837 1442; x_wconf 90' lang='lat' dir='ltr'>requietem</span> <span class='ocrx_word' id='word_1_82' title='bbox 1883 1365 2422 1425; x_wconf 86' lang='lat' dir='ltr'>oblectamentum-</span> 
     </span>
     <span class='ocr_line' id='line_1_14' title="bbox 509 1462 2420 1539; baseline 0.001 -19"><span class='ocrx_word' id='word_1_83' title='bbox 509 1479 628 1539; x_wconf 92' lang='lat' dir='ltr'>que</span> <span class='ocrx_word' id='word_1_84' title='bbox 673 1462 958 1522; x_wconf 79' lang='lat' dir='ltr'>noscatiS.</span> <span class='ocrx_word' id='word_1_85' title='bbox 1046 1463 1281 1523; x_wconf 90' lang='lat' dir='ltr'>Omitto</span> <span class='ocrx_word' id='word_1_86' title='bbox 1331 1463 1493 1522; x_wconf 87' lang='lat' dir='ltr'>enim</span> <span class='ocrx_word' id='word_1_87' title='bbox 1537 1464 1657 1521; x_wconf 90' lang='lat' dir='ltr'>vim</span> <span class='ocrx_word' id='word_1_88' title='bbox 1702 1462 1896 1538; x_wconf 88' lang='lat' dir='ltr'>ipsam</span> <span class='ocrx_word' id='word_1_89' title='bbox 1943 1462 2207 1520; x_wconf 88' lang='lat' dir='ltr'>omnium</span> <span class='ocrx_word' id='word_1_90' title='bbox 2263 1482 2420 1539; x_wconf 90' lang='lat' dir='ltr'>quae</span> 
     </span>
     <span class='ocr_line' id='line_1_15' title="bbox 506 1560 2421 1637; baseline 0 -20"><span class='ocrx_word' id='word_1_91' title='bbox 506 1569 876 1637; x_wconf 87' lang='lat' dir='ltr'>generantur</span> <span class='ocrx_word' id='word_1_92' title='bbox 923 1578 957 1619; x_wconf 88' lang='lat' dir='ltr'>e</span> <span class='ocrx_word' id='word_1_93' title='bbox 1002 1569 1178 1631; x_wconf 90' lang='lat' dir='ltr'>terra,</span> <span class='ocrx_word' id='word_1_94' title='bbox 1224 1579 1380 1637; x_wconf 89' lang='lat' dir='ltr'>quae</span> <span class='ocrx_word' id='word_1_95' title='bbox 1425 1579 1501 1619; x_wconf 86' lang='lat' dir='ltr'>ex</span> <span class='ocrx_word' id='word_1_96' title='bbox 1541 1560 1639 1620; x_wconf 92' lang='lat' dir='ltr'>fici</span> <span class='ocrx_word' id='word_1_97' title='bbox 1682 1561 1921 1619; x_wconf 91' lang='lat' dir='ltr'>tantulo</span> <span class='ocrx_word' id='word_1_98' title='bbox 1963 1579 2155 1636; x_wconf 93' lang='lat' dir='ltr'>grano</span> <span class='ocrx_word' id='word_1_99' title='bbox 2199 1570 2302 1617; x_wconf 91' lang='lat' dir='ltr'>aut</span> <span class='ocrx_word' id='word_1_100' title='bbox 2346 1578 2421 1618; x_wconf 86' lang='lat' dir='ltr'>ex</span> 
     </span>
     <span class='ocr_line' id='line_1_16' title="bbox 508 1655 2419 1735; baseline 0.001 -21"><span class='ocrx_word' id='word_1_101' title='bbox 508 1655 667 1714; x_wconf 89' lang='lat' dir='ltr'>acini</span> <span class='ocrx_word' id='word_1_102' title='bbox 716 1656 971 1715; x_wconf 91' lang='lat' dir='ltr'>vinaceo</span> <span class='ocrx_word' id='word_1_103' title='bbox 1029 1668 1130 1716; x_wconf 92' lang='lat' dir='ltr'>aut</span> <span class='ocrx_word' id='word_1_104' title='bbox 1181 1676 1256 1716; x_wconf 86' lang='lat' dir='ltr'>ex</span> <span class='ocrx_word' id='word_1_105' title='bbox 1301 1669 1634 1716; x_wconf 90' lang='lat' dir='ltr'>ceterarum</span> <span class='ocrx_word' id='word_1_106' title='bbox 1685 1659 1923 1735; x_wconf 86' lang='lat' dir='ltr'>frugum</span> <span class='ocrx_word' id='word_1_107' title='bbox 1985 1671 2088 1714; x_wconf 89' lang='lat' dir='ltr'>aut</span> <span class='ocrx_word' id='word_1_108' title='bbox 2145 1657 2419 1732; x_wconf 89' lang='lat' dir='ltr'>stirpium</span> 
     </span>
     <span class='ocr_line' id='line_1_17' title="bbox 511 1753 2422 1829; baseline 0 -17"><span class='ocrx_word' id='word_1_109' title='bbox 511 1753 930 1813; x_wconf 90' lang='lat' dir='ltr'>minutissimis</span> <span class='ocrx_word' id='word_1_110' title='bbox 988 1754 1321 1813; x_wconf 88' lang='lat' dir='ltr'>seminibus</span> <span class='ocrx_word' id='word_1_111' title='bbox 1368 1765 1575 1815; x_wconf 89' lang='lat' dir='ltr'>tantos</span> <span class='ocrx_word' id='word_1_112' title='bbox 1624 1767 1871 1814; x_wconf 90' lang='lat' dir='ltr'>truncos</span> <span class='ocrx_word' id='word_1_113' title='bbox 1922 1772 2245 1829; x_wconf 90' lang='lat' dir='ltr'>ramosque</span> <span class='ocrx_word' id='word_1_114' title='bbox 2288 1772 2422 1829; x_wconf 89' lang='lat' dir='ltr'>pro-</span> 
     </span>
     <span class='ocr_line' id='line_1_18' title="bbox 509 1851 2417 1928; baseline 0 -18"><span class='ocrx_word' id='word_1_115' title='bbox 509 1859 713 1925; x_wconf 85' lang='lat' dir='ltr'>creet3</span> <span class='ocrx_word' id='word_1_116' title='bbox 768 1851 1035 1910; x_wconf 92' lang='lat' dir='ltr'>malleoli</span> <span class='ocrx_word' id='word_1_117' title='bbox 1065 1851 1310 1927; x_wconf 92' lang='lat' dir='ltr'>plantae</span> <span class='ocrx_word' id='word_1_118' title='bbox 1335 1864 1643 1911; x_wconf 87' lang='lat' dir='ltr'>sarmenta</span> <span class='ocrx_word' id='word_1_119' title='bbox 1664 1852 2022 1911; x_wconf 86' lang='lat' dir='ltr'>viviradices</span> <span class='ocrx_word' id='word_1_120' title='bbox 2048 1851 2417 1928; x_wconf 88' lang='lat' dir='ltr'>propagines</span> 
     </span>
     <span class='ocr_line' id='line_1_19' title="bbox 510 1947 2420 2025; baseline 0.003 -19"><span class='ocrx_word' id='word_1_121' title='bbox 510 1965 715 2007; x_wconf 89' lang='lat' dir='ltr'>nonne</span> <span class='ocrx_word' id='word_1_122' title='bbox 745 1947 1011 2007; x_wconf 86' lang='lat' dir='ltr'>efficiunt</span> <span class='ocrx_word' id='word_1_123' title='bbox 1041 1959 1108 2008; x_wconf 89' lang='lat' dir='ltr'>ut</span> <span class='ocrx_word' id='word_1_124' title='bbox 1138 1949 1413 2025; x_wconf 89' lang='lat' dir='ltr'>quemvis</span> <span class='ocrx_word' id='word_1_125' title='bbox 1444 1968 1581 2009; x_wconf 91' lang='lat' dir='ltr'>cum</span> <span class='ocrx_word' id='word_1_126' title='bbox 1624 1950 2022 2010; x_wconf 88' lang='lat' dir='ltr'>admiratione</span> <span class='ocrx_word' id='word_1_127' title='bbox 2068 1951 2420 2011; x_wconf 86' lang='lat' dir='ltr'>delectent?</span> 
     </span>
     <span class='ocr_line' id='line_1_20' title="bbox 508 2043 2418 2123; baseline 0.003 -20"><span class='ocrx_word' id='word_1_128' title='bbox 508 2043 669 2105; x_wconf 89' lang='lat' dir='ltr'>Vitis</span> <span class='ocrx_word' id='word_1_129' title='bbox 698 2045 943 2123; x_wconf 91' lang='lat' dir='ltr'>quidem</span> <span class='ocrx_word' id='word_1_130' title='bbox 975 2065 1132 2122; x_wconf 91' lang='lat' dir='ltr'>quae</span> <span class='ocrx_word' id='word_1_131' title='bbox 1165 2057 1381 2105; x_wconf 91' lang='lat' dir='ltr'>natura</span> <span class='ocrx_word' id='word_1_132' title='bbox 1411 2049 1644 2107; x_wconf 87' lang='lat' dir='ltr'>caduca</span> <span class='ocrx_word' id='word_1_133' title='bbox 1686 2059 1780 2107; x_wconf 90' lang='lat' dir='ltr'>est</span> <span class='ocrx_word' id='word_1_134' title='bbox 1823 2060 1901 2120; x_wconf 87' lang='lat' dir='ltr'>et,</span> <span class='ocrx_word' id='word_1_135' title='bbox 1950 2048 2065 2108; x_wconf 91' lang='lat' dir='ltr'>nisi</span> <span class='ocrx_word' id='word_1_136' title='bbox 2107 2049 2263 2108; x_wconf 87' lang='lat' dir='ltr'>fulta</span> <span class='ocrx_word' id='word_1_137' title='bbox 2307 2058 2418 2121; x_wconf 90' lang='lat' dir='ltr'>est,</span> 
     </span>
     <span class='ocr_line' id='line_1_21' title="bbox 509 2130 2420 2223; baseline 0.004 -22"><span class='ocrx_word' id='word_1_138' title='bbox 509 2142 700 2202; x_wconf 84' lang='lat' dir='ltr'>fertur</span> <span class='ocrx_word' id='word_1_139' title='bbox 756 2143 832 2201; x_wconf 90' lang='lat' dir='ltr'>ad</span> <span class='ocrx_word' id='word_1_140' title='bbox 893 2154 1131 2216; x_wconf 92' lang='lat' dir='ltr'>terram,</span> <span class='ocrx_word' id='word_1_141' title='bbox 1178 2143 1411 2216; x_wconf 90' lang='lat' dir='ltr'>eadem,</span> <span class='ocrx_word' id='word_1_142' title='bbox 1458 2155 1524 2203; x_wconf 92' lang='lat' dir='ltr'>ut</span> <span class='ocrx_word' id='word_1_143' title='bbox 1574 2164 1639 2204; x_wconf 91' lang='lat' dir='ltr'>se</span> <span class='ocrx_word' id='word_1_144' title='bbox 1683 2146 1891 2223; x_wconf 90' lang='lat' dir='ltr'>erigat,</span> <span class='ocrx_word' id='word_1_145' title='bbox 1938 2130 2249 2206; x_wconf 88' lang='lat' dir='ltr'>claviculis</span> <span class='ocrx_word' id='word_1_146' title='bbox 2294 2149 2420 2208; x_wconf 91' lang='lat' dir='ltr'>suis</span> 
     </span>
     <span class='ocr_line' id='line_1_22' title="bbox 509 2240 2419 2327; baseline 0.004 -29"><span class='ocrx_word' id='word_1_147' title='bbox 509 2240 685 2316; x_wconf 88' lang='lat' dir='ltr'>quasi</span> <span class='ocrx_word' id='word_1_148' title='bbox 724 2241 1004 2299; x_wconf 89' lang='lat' dir='ltr'>manibus</span> <span class='ocrx_word' id='word_1_149' title='bbox 1049 2240 1343 2317; x_wconf 92' lang='lat' dir='ltr'>quidquid</span> <span class='ocrx_word' id='word_1_150' title='bbox 1390 2254 1483 2300; x_wconf 91' lang='lat' dir='ltr'>est</span> <span class='ocrx_word' id='word_1_151' title='bbox 1527 2252 1705 2302; x_wconf 89' lang='lat' dir='ltr'>nacta</span> <span class='ocrx_word' id='word_1_152' title='bbox 1748 2244 2186 2327; x_wconf 79' lang='lat' dir='ltr'>complectitur,</span> <span class='ocrx_word' id='word_1_153' title='bbox 2234 2265 2419 2324; x_wconf 90' lang='lat' dir='ltr'>quam</span> 
     </span>
    </p>
   </div>
   <div class='ocr_carea' id='block_1_7' title="bbox 506 2336 2420 3578">
    <p class='ocr_par' dir='ltr' id='par_1_7' title="bbox 506 2336 2420 3578">
     <span class='ocr_line' id='line_1_23' title="bbox 508 2336 2420 2420; baseline 0.003 -25"><span class='ocrx_word' id='word_1_154' title='bbox 508 2346 854 2413; x_wconf 88' lang='lat' dir='ltr'>serpentem</span> <span class='ocrx_word' id='word_1_155' title='bbox 884 2336 1201 2413; x_wconf 89' lang='lat' dir='ltr'>multiplici</span> <span class='ocrx_word' id='word_1_156' title='bbox 1244 2337 1420 2414; x_wconf 90' lang='lat' dir='ltr'>lapsu</span> <span class='ocrx_word' id='word_1_157' title='bbox 1464 2348 1525 2398; x_wconf 91' lang='lat' dir='ltr'>et</span> <span class='ocrx_word' id='word_1_158' title='bbox 1568 2340 1842 2414; x_wconf 90' lang='lat' dir='ltr'>erratic0,</span> <span class='ocrx_word' id='word_1_159' title='bbox 1886 2342 2049 2401; x_wconf 80' lang='lat' dir='ltr'>ferro</span> <span class='ocrx_word' id='word_1_160' title='bbox 2096 2354 2420 2420; x_wconf 88' lang='lat' dir='ltr'>amputans</span> 
     </span>
     <span class='ocr_line' id='line_1_24' title="bbox 509 2433 2420 2510; baseline 0.003 -19"><span class='ocrx_word' id='word_1_161' title='bbox 509 2443 752 2491; x_wconf 89' lang='lat' dir='ltr'>coercet</span> <span class='ocrx_word' id='word_1_162' title='bbox 798 2451 898 2492; x_wconf 88' lang='lat' dir='ltr'>ars</span> <span class='ocrx_word' id='word_1_163' title='bbox 946 2433 1363 2510; x_wconf 87' lang='lat' dir='ltr'>agricolarum,</span> <span class='ocrx_word' id='word_1_164' title='bbox 1417 2453 1492 2493; x_wconf 91' lang='lat' dir='ltr'>ne</span> <span class='ocrx_word' id='word_1_165' title='bbox 1544 2436 1828 2496; x_wconf 89' lang='lat' dir='ltr'>silvescat</span> <span class='ocrx_word' id='word_1_166' title='bbox 1874 2440 2197 2498; x_wconf 87' lang='lat' dir='ltr'>sarmentis</span> <span class='ocrx_word' id='word_1_167' title='bbox 2249 2451 2309 2498; x_wconf 93' lang='lat' dir='ltr'>et</span> <span class='ocrx_word' id='word_1_168' title='bbox 2359 2439 2420 2497; x_wconf 93' lang='lat' dir='ltr'>in</span> 
     </span>
     <span class='ocr_line' id='line_1_25' title="bbox 509 2528 2419 2610; baseline 0.004 -24"><span class='ocrx_word' id='word_1_169' title='bbox 509 2528 706 2586; x_wconf 89' lang='lat' dir='ltr'>omnis</span> <span class='ocrx_word' id='word_1_170' title='bbox 749 2529 937 2603; x_wconf 92' lang='lat' dir='ltr'>partis</span> <span class='ocrx_word' id='word_1_171' title='bbox 985 2529 1168 2588; x_wconf 90' lang='lat' dir='ltr'>nimia</span> <span class='ocrx_word' id='word_1_172' title='bbox 1213 2531 1519 2591; x_wconf 86' lang='lat' dir='ltr'>fundatur.</span> <span class='ocrx_word' id='word_1_173' title='bbox 1609 2535 1827 2610; x_wconf 91' lang='lat' dir='ltr'>Itaque</span> <span class='ocrx_word' id='word_1_174' title='bbox 1875 2535 2122 2594; x_wconf 91' lang='lat' dir='ltr'>ineunte</span> <span class='ocrx_word' id='word_1_175' title='bbox 2171 2555 2310 2594; x_wconf 89' lang='lat' dir='ltr'>vere</span> <span class='ocrx_word' id='word_1_176' title='bbox 2359 2537 2419 2594; x_wconf 91' lang='lat' dir='ltr'>in</span> 
     </span>
     <span class='ocr_line' id='line_1_26' title="bbox 509 2624 2419 2708; baseline 0.005 -26"><span class='ocrx_word' id='word_1_177' title='bbox 509 2624 598 2684; x_wconf 91' lang='lat' dir='ltr'>eis</span> <span class='ocrx_word' id='word_1_178' title='bbox 654 2643 811 2702; x_wconf 91' lang='lat' dir='ltr'>quae</span> <span class='ocrx_word' id='word_1_179' title='bbox 868 2626 1079 2685; x_wconf 90' lang='lat' dir='ltr'>relicta</span> <span class='ocrx_word' id='word_1_180' title='bbox 1134 2638 1276 2687; x_wconf 93' lang='lat' dir='ltr'>sunt</span> <span class='ocrx_word' id='word_1_181' title='bbox 1332 2630 1570 2689; x_wconf 85' lang='lat' dir='ltr'>exsistit</span> <span class='ocrx_word' id='word_1_182' title='bbox 1626 2641 1937 2708; x_wconf 86' lang='lat' dir='ltr'>tamquam</span> <span class='ocrx_word' id='word_1_183' title='bbox 1997 2632 2073 2690; x_wconf 91' lang='lat' dir='ltr'>ad</span> <span class='ocrx_word' id='word_1_184' title='bbox 2134 2633 2419 2692; x_wconf 90' lang='lat' dir='ltr'>articulos</span> 
     </span>
     <span class='ocr_line' id='line_1_27' title="bbox 508 2726 2420 2803; baseline 0.004 -22"><span class='ocrx_word' id='word_1_185' title='bbox 508 2732 949 2781; x_wconf 90' lang='lat' dir='ltr'>sarmentorum</span> <span class='ocrx_word' id='word_1_186' title='bbox 981 2742 1055 2782; x_wconf 90' lang='lat' dir='ltr'>ea</span> <span class='ocrx_word' id='word_1_187' title='bbox 1085 2743 1239 2801; x_wconf 91' lang='lat' dir='ltr'>quae</span> <span class='ocrx_word' id='word_1_188' title='bbox 1267 2744 1510 2802; x_wconf 91' lang='lat' dir='ltr'>gemma</span> <span class='ocrx_word' id='word_1_189' title='bbox 1538 2726 1780 2797; x_wconf 88' lang='lat' dir='ltr'>dicitur,</span> <span class='ocrx_word' id='word_1_190' title='bbox 1816 2746 1852 2785; x_wconf 94' lang='lat' dir='ltr'>a</span> <span class='ocrx_word' id='word_1_191' title='bbox 1896 2746 2015 2803; x_wconf 90' lang='lat' dir='ltr'>qua</span> <span class='ocrx_word' id='word_1_192' title='bbox 2058 2728 2261 2787; x_wconf 91' lang='lat' dir='ltr'>oriens</span> <span class='ocrx_word' id='word_1_193' title='bbox 2307 2749 2420 2788; x_wconf 91' lang='lat' dir='ltr'>uva</span> 
     </span>
     <span class='ocr_line' id='line_1_28' title="bbox 509 2820 2420 2901; baseline 0.004 -24"><span class='ocrx_word' id='word_1_194' title='bbox 509 2836 575 2877; x_wconf 90' lang='lat' dir='ltr'>se</span> <span class='ocrx_word' id='word_1_195' title='bbox 607 2820 892 2892; x_wconf 89' lang='lat' dir='ltr'>ostendit,</span> <span class='ocrx_word' id='word_1_196' title='bbox 926 2838 1080 2896; x_wconf 91' lang='lat' dir='ltr'>quae</span> <span class='ocrx_word' id='word_1_197' title='bbox 1111 2830 1171 2879; x_wconf 92' lang='lat' dir='ltr'>et</span> <span class='ocrx_word' id='word_1_198' title='bbox 1202 2840 1348 2881; x_wconf 92' lang='lat' dir='ltr'>suco</span> <span class='ocrx_word' id='word_1_199' title='bbox 1379 2832 1577 2882; x_wconf 90' lang='lat' dir='ltr'>terrae</span> <span class='ocrx_word' id='word_1_200' title='bbox 1601 2835 1661 2881; x_wconf 91' lang='lat' dir='ltr'>et</span> <span class='ocrx_word' id='word_1_201' title='bbox 1686 2823 1888 2882; x_wconf 91' lang='lat' dir='ltr'>calore</span> <span class='ocrx_word' id='word_1_202' title='bbox 1913 2823 2059 2883; x_wconf 90' lang='lat' dir='ltr'>solis</span> <span class='ocrx_word' id='word_1_203' title='bbox 2084 2844 2420 2901; x_wconf 79' lang='lat' dir='ltr'>augescens</span> 
     </span>
     <span class='ocr_line' id='line_1_29' title="bbox 506 2914 2418 2998; baseline 0.004 -25"><span class='ocrx_word' id='word_1_204' title='bbox 506 2914 704 2992; x_wconf 91' lang='lat' dir='ltr'>primo</span> <span class='ocrx_word' id='word_1_205' title='bbox 761 2927 854 2975; x_wconf 91' lang='lat' dir='ltr'>est</span> <span class='ocrx_word' id='word_1_206' title='bbox 904 2919 1233 2994; x_wconf 89' lang='lat' dir='ltr'>peracerba</span> <span class='ocrx_word' id='word_1_207' title='bbox 1281 2929 1547 2998; x_wconf 86' lang='lat' dir='ltr'>gustatu,</span> <span class='ocrx_word' id='word_1_208' title='bbox 1594 2920 1737 2978; x_wconf 91' lang='lat' dir='ltr'>dein</span> <span class='ocrx_word' id='word_1_209' title='bbox 1782 2931 2083 2980; x_wconf 91' lang='lat' dir='ltr'>maturata</span> <span class='ocrx_word' id='word_1_210' title='bbox 2126 2922 2418 2981; x_wconf 90' lang='lat' dir='ltr'>dulcescit</span> 
     </span>
     <span class='ocr_line' id='line_1_30' title="bbox 509 3013 2419 3092; baseline 0.003 -19"><span class='ocrx_word' id='word_1_211' title='bbox 509 3013 851 3090; x_wconf 90' lang='lat' dir='ltr'>vestitaque</span> <span class='ocrx_word' id='word_1_212' title='bbox 882 3016 1183 3092; x_wconf 89' lang='lat' dir='ltr'>pampinis</span> <span class='ocrx_word' id='word_1_213' title='bbox 1216 3036 1328 3076; x_wconf 90' lang='lat' dir='ltr'>nec</span> <span class='ocrx_word' id='word_1_214' title='bbox 1359 3017 1603 3075; x_wconf 91' lang='lat' dir='ltr'>modico</span> <span class='ocrx_word' id='word_1_215' title='bbox 1633 3026 1844 3092; x_wconf 90' lang='lat' dir='ltr'>tepore</span> <span class='ocrx_word' id='word_1_216' title='bbox 1887 3027 2053 3077; x_wconf 89' lang='lat' dir='ltr'>caret</span> <span class='ocrx_word' id='word_1_217' title='bbox 2096 3029 2156 3077; x_wconf 89' lang='lat' dir='ltr'>et</span> <span class='ocrx_word' id='word_1_218' title='bbox 2201 3018 2419 3078; x_wconf 89' lang='lat' dir='ltr'>nimios</span> 
     </span>
     <span class='ocr_line' id='line_1_31' title="bbox 509 3110 2418 3189; baseline 0.002 -20"><span class='ocrx_word' id='word_1_219' title='bbox 509 3110 655 3170; x_wconf 90' lang='lat' dir='ltr'>solis</span> <span class='ocrx_word' id='word_1_220' title='bbox 685 3112 959 3171; x_wconf 83' lang='lat' dir='ltr'>defendit</span> <span class='ocrx_word' id='word_1_221' title='bbox 991 3113 1271 3171; x_wconf 89' lang='lat' dir='ltr'>ardores:</span> <span class='ocrx_word' id='word_1_222' title='bbox 1318 3132 1441 3189; x_wconf 94' lang='lat' dir='ltr'>qua</span> <span class='ocrx_word' id='word_1_223' title='bbox 1471 3113 1618 3189; x_wconf 92' lang='lat' dir='ltr'>quid</span> <span class='ocrx_word' id='word_1_224' title='bbox 1649 3124 1851 3189; x_wconf 91' lang='lat' dir='ltr'>potest</span> <span class='ocrx_word' id='word_1_225' title='bbox 1881 3133 2017 3174; x_wconf 88' lang='lat' dir='ltr'>esse</span> <span class='ocrx_word' id='word_1_226' title='bbox 2048 3134 2181 3173; x_wconf 88' lang='lat' dir='ltr'>cum</span> <span class='ocrx_word' id='word_1_227' title='bbox 2218 3115 2418 3173; x_wconf 83' lang='lat' dir='ltr'>fructu</span> 
     </span>
     <span class='ocr_line' id='line_1_32' title="bbox 511 3206 2417 3288; baseline 0.004 -24"><span class='ocrx_word' id='word_1_228' title='bbox 511 3206 744 3280; x_wconf 89' lang='lat' dir='ltr'>laetius,</span> <span class='ocrx_word' id='word_1_229' title='bbox 803 3220 928 3268; x_wconf 91' lang='lat' dir='ltr'>tum</span> <span class='ocrx_word' id='word_1_230' title='bbox 990 3220 1241 3286; x_wconf 90' lang='lat' dir='ltr'>aspectu</span> <span class='ocrx_word' id='word_1_231' title='bbox 1301 3211 1654 3287; x_wconf 86' lang='lat' dir='ltr'>pulchrius?</span> <span class='ocrx_word' id='word_1_232' title='bbox 1741 3212 1932 3271; x_wconf 91' lang='lat' dir='ltr'>Cuius</span> <span class='ocrx_word' id='word_1_233' title='bbox 1989 3212 2233 3288; x_wconf 91' lang='lat' dir='ltr'>quidem</span> <span class='ocrx_word' id='word_1_234' title='bbox 2295 3231 2417 3271; x_wconf 90' lang='lat' dir='ltr'>non</span> 
     </span>
     <span class='ocr_line' id='line_1_33' title="bbox 509 3303 2417 3380; baseline 0.004 -19"><span class='ocrx_word' id='word_1_235' title='bbox 509 3303 738 3363; x_wconf 90' lang='lat' dir='ltr'>utilitas</span> <span class='ocrx_word' id='word_1_236' title='bbox 785 3325 880 3363; x_wconf 91' lang='lat' dir='ltr'>me</span> <span class='ocrx_word' id='word_1_237' title='bbox 930 3307 1144 3378; x_wconf 91' lang='lat' dir='ltr'>solum,</span> <span class='ocrx_word' id='word_1_238' title='bbox 1194 3317 1259 3363; x_wconf 88' lang='lat' dir='ltr'>ut</span> <span class='ocrx_word' id='word_1_239' title='bbox 1308 3319 1447 3366; x_wconf 90' lang='lat' dir='ltr'>ante</span> <span class='ocrx_word' id='word_1_240' title='bbox 1494 3307 1634 3380; x_wconf 85' lang='lat' dir='ltr'>dixi,</span> <span class='ocrx_word' id='word_1_241' title='bbox 1685 3308 1792 3367; x_wconf 89' lang='lat' dir='ltr'>sed</span> <span class='ocrx_word' id='word_1_242' title='bbox 1840 3308 2020 3367; x_wconf 89' lang='lat' dir='ltr'>etiam</span> <span class='ocrx_word' id='word_1_243' title='bbox 2073 3309 2308 3367; x_wconf 90' lang='lat' dir='ltr'>cultura</span> <span class='ocrx_word' id='word_1_244' title='bbox 2357 3320 2417 3369; x_wconf 91' lang='lat' dir='ltr'>et</span> 
     </span>
     <span class='ocr_line' id='line_1_34' title="bbox 511 3401 2415 3482; baseline 0.004 -24"><span class='ocrx_word' id='word_1_245' title='bbox 511 3408 726 3460; x_wconf 84' lang='lat' dir='ltr'>natura</span> <span class='ocrx_word' id='word_1_246' title='bbox 770 3401 902 3477; x_wconf 88' lang='lat' dir='ltr'>ipsa</span> <span class='ocrx_word' id='word_1_247' title='bbox 945 3403 1246 3461; x_wconf 87' lang='lat' dir='ltr'>delectat:</span> <span class='ocrx_word' id='word_1_248' title='bbox 1307 3405 1811 3463; x_wconf 90' lang='lat' dir='ltr'>adminiculorum</span> <span class='ocrx_word' id='word_1_249' title='bbox 1856 3407 2119 3477; x_wconf 79' lang='lat' dir='ltr'>ordineS,</span> <span class='ocrx_word' id='word_1_250' title='bbox 2150 3404 2415 3482; x_wconf 90' lang='lat' dir='ltr'>capitum</span> 
     </span>
     <span class='ocr_line' id='line_1_35' title="bbox 509 3496 2411 3578; baseline 0.003 -23"><span class='ocrx_word' id='word_1_251' title='bbox 509 3496 758 3576; x_wconf 88' lang='lat' dir='ltr'>iugati0,</span> <span class='ocrx_word' id='word_1_252' title='bbox 789 3498 1065 3576; x_wconf 88' lang='lat' dir='ltr'>religatio</span> <span class='ocrx_word' id='word_1_253' title='bbox 1109 3509 1169 3557; x_wconf 92' lang='lat' dir='ltr'>et</span> <span class='ocrx_word' id='word_1_254' title='bbox 1199 3501 1560 3578; x_wconf 92' lang='lat' dir='ltr'>propagatio</span> <span class='ocrx_word' id='word_1_255' title='bbox 1591 3503 1819 3572; x_wconf 89' lang='lat' dir='ltr'>vitium,</span> <span class='ocrx_word' id='word_1_256' title='bbox 1855 3514 2292 3562; x_wconf 83' lang='lat' dir='ltr'>sarmentorum</span> <span class='ocrx_word' id='word_1_257' title='bbox 2324 3521 2411 3573; x_wconf 81' lang='lat' dir='ltr'>ea,</span> 
     </span>
    </p>
   </div>
   <div class='ocr_carea' id='block_1_8' title="bbox 2765 2730 2767 3482">
    <p class='ocr_par' dir='ltr' id='par_1_8' title="bbox 2765 2730 2767 3482">
     <span class='ocr_line' id='line_1_36' title="bbox 2765 2730 2767 3482; baseline 0 0"><span class='ocrx_word' id='word_1_258' title='bbox 2765 2730 2767 3482; x_wconf 95' lang='lat' dir='ltr'> </span> 
     </span>
    </p>
   </div>
  </div>
 </body>
</html>
