2788 3999
307 378 310 381 ,
362 318 466 372 XI.
495 316 594 389 37]
1040 317 1150 370 DE
1201 317 1611 371 AMICITIA.
2182 318 2254 382 15

358 505 479 564 quo
529 486 873 546 inimicitias
922 485 1215 546 maximas
1272 504 1457 563 saepe
1508 487 1664 545 inter
1719 484 2117 544 amicissimos
2167 503 2262 544 ex·

358 583 603 643 stitisse.
706 584 938 660 Magna
1007 583 1189 641 etiarn
1254 583 1513 641 discidia
1570 595 1631 641 et
1693 583 2047 660 plerumque
2106 582 2263 642 iusta
2290 600 2361 663 35

360 680 543 751 nasci,
589 698 723 739 cum
778 679 1004 756 aliquid
1057 679 1134 736 ab
1185 679 1393 738 amicis
1446 681 1610 755 quod
1658 690 1887 738 rectum
1933 699 2055 739 non
2099 691 2262 741 esset

356 778 783 853 postularetur,
831 788 895 835 ut
939 787 1041 835 aut
1086 776 1351 835 libidinis
1398 777 1652 836 ministri
1698 786 1802 835 aut
1834 777 2144 838 adiutores
2174 798 2262 839 es-

356 885 493 932 sent
522 874 599 931 ad
631 873 926 946 iniuriam,
947 874 1126 949 quod
1170 873 1273 950 qui
1304 885 1671 945 recusarent,
1703 875 1977 949 quamvis
2005 877 2261 937 honeste

357 972 418 1029 id
448 972 736 1042 facerent,
769 971 861 1029 ius
893 981 1092 1051 tamen
1126 970 1425 1029 amicitiae
1449 972 1730 1029 deserere
1762 985 2154 1050 arguerentur
2183 976 2260 1034 ab

356 1068 461 1139 eiS,
509 1068 729 1144 quibus
774 1068 1029 1145 obsequi
1076 1068 1310 1126 nollent
1333 1090 1351 1142 3
1420 1068 1557 1127 illos
1602 1080 1822 1144 autem,
1874 1073 1975 1149 qui
2025 1073 2264 1150 quidvis

358 1166 435 1223 ab
466 1165 660 1224 amico
691 1165 984 1223 auderent
1026 1166 1355 1241 postulare,
1387 1167 1799 1241 postulatione
1834 1170 1967 1246 ipsa
1995 1171 2261 1247 profiteri

355 1263 563 1321 omnia
610 1281 676 1321 se
723 1262 901 1321 amici
945 1282 1133 1321 causa
1174 1280 1311 1321 esse
1360 1263 1649 1324 facturos.
1736 1268 1957 1327 Eorum
1991 1269 2264 1345 querella

357 1360 691 1418 inveterata
760 1378 882 1418 non
952 1359 1138 1418 modo
1192 1359 1636 1421 familiaritates
1690 1364 1990 1442 exstingui
2045 1365 2259 1438 solere,

357 1456 466 1516 sed
496 1456 639 1515 odia
667 1456 849 1515 etiam
878 1455 1045 1534 gigni
1073 1456 1464 1533 sempiterna.
1553 1462 1731 1519 Haec
1761 1462 1844 1520 ita
1873 1462 2063 1521 multa
2091 1463 2262 1539 quasi

354 1555 485 1613 fata
529 1553 879 1630 impendere
930 1552 1228 1625 amicitiiS‚
1276 1565 1343 1614 ut
1393 1554 1607 1616 ‘omnia
1662 1560 2080 1637 subterfugere
2136 1579 2262 1619 non

356 1651 540 1710 modo
609 1650 966 1729 sapientiae,
1038 1651 1149 1710 sed
1220 1652 1404 1711 etiam
1473 1655 1781 1715 felicitatis
1845 1656 2077 1717 diceret
2144 1657 2261 1717 sibi

355 1748 564 1807 videri.

436 1847 550 1906 XI.
636 1845 836 1920 Quam
880 1846 962 1904 ob
1005 1865 1131 1905 rem
1174 1846 1236 1907 id
1277 1848 1534 1925 primum
1576 1848 1908 1920 videamus,
1945 1848 1995 1908 si
2037 1848 2256 1926 placet,
2288 1849 2360 1925 36

356 1953 658 2022 quatenus
702 1961 873 2003 amor
918 1943 979 2003 in
1030 1943 1294 2005 amicitia
1340 1945 1622 2024 progredi
1668 1946 1909 2007 debeat.
1995 1946 2257 2020 Numne,

354 2041 405 2101 si
437 2041 802 2101 Coriolanus
828 2042 1041 2102 habuit
1070 2044 1314 2116 amicoS,
1345 2044 1503 2102 ferre
1538 2053 1750 2103 contra
1791 2043 2049 2120 patriam
2093 2062 2260 2102 arma

354 2140 439 2198 illi
470 2158 605 2199 cum
637 2140 970 2200 Coriolano
1003 2140 1390 2201 debuerunt?
1475 2142 1637 2199 Num
1668 2139 2048 2200 Vecellinum
2081 2139 2257 2199 amici

353 2253 606 2313 regnum
655 2245 1065 2312 appetentem,
1113 2255 1255 2295 num
1295 2236 1587 2295 Maelium
1630 2237 1972 2295 debuerunt
2011 2235 2256 2295 iuvare?

355 2331 665 2391 Tiberium
713 2331 958 2409 quidem
1011 2333 1352 2392 Gracchum
1404 2351 1531 2391 rem
1580 2332 1887 2410 publicam
1935 2342 2253 2391 vexantem
2285 2348 2356 2409 37

354 2450 390 2489 a
419 2429 496 2505 Q.
522 2429 850 2490 Tuberone
881 2431 1358 2508 aequalibusque
1389 2429 1599 2490 amicis
1628 2429 1979 2488 derelictum
2012 2430 2256 2488 videba-

352 2550 505 2591 mus.
588 2533 673 2589 At
703 2531 773 2591 C.
798 2529 1070 2588 Blossius
1095 2529 1428 2601 CumanuS‚
1453 2529 1678 2603 hospes
1705 2526 1970 2586 familiae
2000 2537 2255 2598 vestrae,

356 2630 670 2702 Scaevola,
703 2647 839 2688 cum
872 2628 949 2687 ad
979 2645 1093 2697 me,
1123 2625 1289 2702 quod
1319 2626 1565 2684 aderam
1605 2624 1861 2683 Laenati
1902 2633 1964 2683 et
2009 2623 2257 2700 Rupilio

353 2726 705 2786 consulibus
761 2725 818 2784 in
880 2724 1155 2795 consilio,
1214 2723 1604 2800 deprecatum
1650 2720 1935 2795 venisset,
1987 2721 2147 2780 hanc
2190 2729 2258 2780 ut

353 2822 467 2881 sibi
514 2823 890 2901 ignoscerem
936 2839 1181 2882 causam
1231 2818 1542 2892 afferebat,
1573 2818 1739 2895 quod
1769 2819 1921 2878 tanti
1949 2819 2044 2877 Ti.
2074 2819 2258 2878 Grac·

353 2922 533 2980 chum
581 2919 849 2991 fecisset,
899 2930 966 2977 ut
1015 2917 1312 2996 quidquid
1364 2916 1466 2975 ille
1512 2917 1695 2976 vellet
1744 2915 1859 2975 sibi
1906 2915 2256 2976 faciendum

351 3026 610 3094 putaret.
694 3018 852 3075 Tum
902 3034 1018 3094 ego
1060 3014 1396 3085 ‘etiamne‚'
1442 3013 1706 3091 inquam,
1740 3012 1824 3072 ‘si
1868 3024 1928 3072 te
1974 3012 2034 3071 in
2082 3012 2260 3090 Capi·

353 3116 564 3175 tolium
612 3115 781 3174 faces
835 3114 996 3173 ferre
1044 3113 1269 3173 vellet?
1295 3113 1310 3138 ’
1415 3114 1797 3190 ‘Numquam
1855 3110 2148 3170 voluisset
2195 3110 2259 3171 id

354 3212 619 3289 quidem,
669 3212 798 3284 sed,
833 3210 901 3269 si
951 3210 1261 3283 voluisset,
1310 3210 1685 3287 paruissem.'
1770 3207 2028 3281 Videtis,
2075 3226 2257 3285 quam

355 3309 589 3369 nefaria
636 3327 772 3368 vox.
860 3309 936 3367 Et
963 3308 1207 3367 hercule
1255 3307 1339 3367 ita
1365 3308 1528 3381 fecit,
1561 3308 1656 3366 vel
1692 3307 1830 3385 plus
1860 3305 2042 3364 etiam
2074 3324 2257 3383 quam

354 3408 538 3468 dixit:
583 3426 706 3466 non
751 3405 912 3465 enim
962 3405 1160 3482 paruit
1204 3404 1305 3464 ille
1335 3405 1431 3465 Ti.
1463 3405 1727 3465 Gracchi
1770 3402 2114 3474 temeritati,
2147 3401 2259 3462 sed

353 3504 631 3585 praefuit,
663 3522 778 3563 nec
805 3521 872 3563 se
901 3501 1185 3563 comitem
1216 3501 1376 3561 illius
1410 3501 1647 3575 furoriS,
1679 3501 1791 3562 sed
1833 3501 2050 3560 ducem
2091 3517 2259 3577 prae·
