2788 3999
315 1475 389 1533 62

426 334 512 398 24
1191 335 1535 391 LAELms
2001 336 2228 409 [xvn.
2256 337 2317 392 61

422 501 730 562 emendati
759 497 958 563 mores
981 505 1309 565 amicorum
1334 507 1473 580 sint,
1498 516 1625 567 tum
1649 507 1727 567 sit
1750 507 1906 567 inter
1927 526 2035 567 eos
2056 508 2324 567 omnium

421 618 618 659 rerum
650 601 1037 661 consiliorum
1070 604 1449 663 voluntatum
1481 605 1612 664 sine
1642 606 1766 664 ulla
1791 605 2147 682 exceptione
2170 625 2329 665 com·

423 696 703 770 munitas,
761 708 828 757 ut
883 700 1064 758 etiam
1113 700 1164 758 si
1214 719 1337 778 qua
1383 702 1630 761 fortuna
1679 702 1967 762 acciderit
2011 713 2078 761 ut
2130 703 2325 762 minus

422 793 617 854 iustae
648 795 975 856 amicorum
1007 797 1353 857 voluntates
1394 799 1775 858 adiuvandae
1817 800 1956 871 sint,
2003 799 2061 857 in
2108 800 2327 877 quibus

422 910 631 952 eorum
676 904 780 953 aut
822 904 1005 970 caput
1048 904 1261 972 agatur
1303 904 1410 954 aut
1450 896 1631 969 fama,
1662 896 2092 956 declinandum
2124 897 2202 956 de
2232 897 2331 956 via

424 989 518 1061 sit,
576 990 762 1050 modo
832 1009 907 1048 ne
963 1009 1200 1050 summa
1251 992 1564 1070 turpitudo
1620 1004 1911 1070 sequatur
1933 1016 1948 1067 ;
2015 1003 2111 1053 est
2167 994 2326 1052 enim

423 1097 726 1164 quatenus
756 1088 1056 1148 amicitiae
1086 1088 1217 1147 dari
1245 1090 1426 1149 venia
1467 1091 1677 1167 possit.
1768 1092 1900 1149 Nec
1943 1108 2087 1149 vero
2133 1091 2332 1167 negle-

421 1184 626 1262 genda
673 1195 768 1244 est
811 1187 992 1259 fama,
1045 1204 1157 1244 nec
1204 1187 1508 1246 mediocre
1547 1188 1734 1246 telum
1776 1187 1854 1246 ad
1890 1205 1987 1246 res
2028 1188 2331 1265 gerendas

424 1281 768 1341 existimare
815 1293 1057 1359 oportet
1101 1284 1593 1343 benevolentiam
1645 1285 1885 1356 civium,
1933 1304 2117 1361 quam
2160 1284 2332 1343 blan·

424 1378 586 1438 ditiis
628 1389 689 1438 et
732 1381 1106 1440 assentando
1149 1380 1435 1458 colligere
1480 1392 1655 1458 turpe
1697 1392 1822 1441 est:
1889 1382 2095 1454 virtuS,
2148 1399 2329 1458 quam

422 1475 694 1550 sequitur
735 1476 971 1549 caritas,
1012 1475 1255 1534 minime
1300 1476 1678 1552 repudianda
1707 1487 1817 1536 est.
1906 1476 2333 1552 Sed—saepe

424 1572 582 1630 enim
630 1572 816 1631 redeo
866 1573 943 1631 ad
993 1573 1356 1649 Scipionem,
1401 1572 1571 1632 cuius
1613 1574 1812 1632 omnis
1857 1591 2055 1631 sermo
2098 1582 2227 1631 erat
2255 1572 2332 1631 de

426 1668 1172 1745 amicitia—querebatur
1202 1670 1367 1745 quod
1398 1669 1681 1729 omnibus
1725 1670 1786 1727 in
1832 1670 2011 1729 rebus
2055 1669 2333 1727 homines

425 1765 840 1843 diligentiores
910 1777 1159 1825 essent:
1246 1785 1464 1843 capras
1528 1776 1595 1848 ¹et
1657 1767 1789 1825 ovis
1857 1777 2005 1843 quot
2074 1765 2333 1842 quisque

425 1863 677 1924 haberet
721 1863 922 1922 dicere
973 1882 1174 1941 posse,
1215 1864 1445 1923 amicos
1492 1873 1641 1940 quot
1693 1864 1945 1923 haberet
1992 1883 2112 1922 non
2150 1881 2332 1939 posse

425 1960 670 2036 dicere3
723 1973 785 2022 et
814 1961 874 2020 in
906 1961 1022 2021 illis
1066 1962 1309 2036 quidem
1354 1960 1643 2038 parandis
1683 1960 1971 2020 adhibere
2003 1978 2227 2032 curam,
2271 1960 2332 2018 in

426 2058 636 2118 amicis
690 2060 1014 2136 diligendis
1064 2059 1445 2136 neglegentis
1503 2077 1639 2117 esse
1695 2078 1807 2118 nec
1865 2059 2089 2117 habere
2156 2057 2332 2135 quasi

426 2156 601 2234 signa
630 2158 931 2232 quaedam
969 2166 1030 2215 et
1074 2167 1268 2228 notaS‚
1301 2156 1524 2231 quibus
1567 2175 1693 2228 eOS,
1738 2156 1840 2232 qui
1885 2156 1962 2213 ad
2008 2155 2333 2214 amicitiam

425 2262 632 2312 essent
663 2252 884 2324 idonei,
916 2253 1271 2312 iudicarent.
1297 2229 1445 2337 [Su
1492 2263 1517 2311 t
1558 2252 1738 2329 igitur
1782 2252 1935 2310 firmi
1978 2261 2040 2310 et
2082 2250 2332 2310 stabiles

425 2361 489 2409 et
517 2360 869 2409 constantes
898 2349 1180 2426 eligendi,
1212 2350 1382 2425 cuius
1533 2349 1652 2408 eris
1683 2360 1777 2408 est
1803 2368 2021 2425 magna
2045 2348 2298 2425 penuria
2318 2369 2336 2421 3

427 2456 488 2506 et
518 2447 781 2506 iudicare
812 2447 1055 2505 difficile
1085 2456 1179 2505 est
1209 2465 1357 2504 sane
1390 2446 1512 2504 nisi·
1535 2457 1867 2523 expertum,
1900 2445 2333 2522 experiendum

429 2555 631 2603 autem
687 2543 782 2603 est
852 2544 911 2601 in
971 2535 1103 2620 ipsa
1170 2543 1470 2602 amicitia:
1536 2543 1626 2619 *ita
1684 2543 2017 2620 praecurrit
2073 2542 2337 2601 amicitia

320 2642 394 2713 63
429 2638 711 2697 iudicium
771 2638 1048 2713 tollitque
1105 2638 1456 2714 experiendi
1506 2648 1890 2715 potestatem.
2000 2638 2110 2695 Est
2156 2637 2337 2714 igitur

430 2735 745 2812 prudentis
775 2735 1073 2794 sustinere
1104 2745 1170 2793 ut
1212 2754 1470 2808 cursum,
1504 2735 1590 2794 sic
1634 2735 1925 2812 impetum
1969 2734 2336 2793 benevolen-

431 2834 568 2902 tiae,
616 2851 736 2909 quo
794 2843 1047 2903 utamur,
1094 2833 1267 2907 quasi
1324 2833 1499 2909 equis
1546 2820 1859 2909 temptatis
1916 2831 2005 2890 sic
2051 2830 2333 2903 amicitia,

430 2929 634 3005 aliqua
683 2940 851 3006 parte
901 2928 1254 3005 periclitatis
1305 2929 1574 2988 moribus
1633 2929 1984 2987 amicorum.
2068 2927 2337 3001 Quidam

431 3027 616 3103 saepe
646 3026 704 3084 in
738 3045 924 3102 parva
967 3025 1224 3101 pecunia
1268 3026 1711 3102 perspiciuntur
1751 3044 1931 3102 quam
1967 3025 2091 3084 sint
2135 3025 2300 3083 leves
2323 3046 2339 3098 ;

431 3125 675 3201 quidam
722 3134 940 3195 autem,
970 3135 1141 3199 'quos
1185 3143 1370 3198 parva
1405 3142 1648 3182 movere
1693 3142 1814 3181 non
1860 3122 2073 3199 potuit,
2118 3140 2339 3199 cogno-

431 3233 682 3282 scuntur
731 3223 788 3280 in
840 3241 1077 3297 magna.
1169 3222 1273 3279 Sin
1313 3240 1457 3279 vero
1502 3230 1678 3278 erunt
1720 3219 1904 3295 aliqui
1953 3218 2178 3295 reperti
2234 3218 2338 3295 qui

430 3320 749 3396 pecuniam
795 3321 1097 3396 praeferre
1142 3318 1441 3376 amicitiae
1486 3317 1797 3377 sordidum
1841 3316 2203 3388 existiment,
2235 3316 2338 3374 ubi

433 3435 539 3476 eos
569 3416 963 3488 inveniemuS,
995 3416 1097 3491 qui
1142 3416 1405 3474 honores
1449 3415 1836 3491 magistratus
1881 3413 2134 3489 imperia
2177 3423 2342 3488 pote·

433 3524 624 3574 states
654 3533 802 3593 opes
833 3512 1130 3573 amicitiae
1162 3532 1286 3572 non
1317 3522 1711 3589 anteponant,
1742 3520 1827 3580 ut,
1859 3528 1999 3569 cum
2032 3528 2109 3568 ex
2151 3510 2343 3568 altera
