2788 3999
374 335 481 390 vl.
513 333 605 407 16]
1058 332 1167 384 DE
1221 331 1730 386 SENECTUTE.
2241 329 2285 398 7

368 505 714 576 conferunt,
747 502 914 580 quod
943 520 1066 561 non
1096 501 1363 561 faciebat
1393 501 1465 576 is,
1494 502 1666 562 cuius
1694 502 1881 563 modo
1910 501 2283 563 mentionem

364 601 507 676 feci,
540 599 812 661 Ennius:

651 782 735 842 sic
758 787 831 841 ut
856 783 1051 861 sortis
1092 799 1239 855 κω,
1275 782 1466 857 spatio
1492 780 1602 858 qui
1615 787 1781 855 saepe
1804 785 2071 855 supremo

651 881 790 940 vicit
827 879 1130 955 Olumpia,
1157 897 1314 937 nunc
1334 880 1490 937 senio
1515 878 1794 955 consectus
1820 878 2077 955 quiescit.

368 1075 531 1154 Equi
559 1077 734 1137 fortis
764 1086 826 1136 et
855 1074 1102 1135 victoris
1144 1074 1448 1134 senectuti
1491 1083 1805 1151 comparat
1846 1093 2060 1149 suam3
2101 1093 2284 1153 quem

367 1174 618 1252 quidem
661 1176 854 1253 probe
896 1173 1245 1233 meminisse
1280 1172 1541 1249 potestis
1562 1192 1580 1245 3
1621 1190 1784 1232 anno
1832 1172 1993 1231 enim
2035 1172 2283 1232 undevi-

367 1271 599 1332 cesimo
626 1281 768 1349 post
798 1270 929 1331 eius
959 1282 1213 1330 mortem
1243 1269 1305 1327 hi
1337 1269 1638 1341 consules,
1683 1269 1759 1327 T.
1804 1269 2183 1329 Flamininus
2217 1279 2281 1330 et

370 1370 489 1427 M'.
519 1368 769 1440 Acilius,
802 1367 948 1427 facti
976 1377 1158 1441 sunt3
1197 1367 1298 1425 ille
1329 1376 1533 1425 autem
1567 1365 1880 1442 Caepione
1911 1376 1973 1426 et
1998 1366 2278 1445 Philippo

368 1467 585 1526 iterum
607 1465 960 1526 consulibus
991 1475 1264 1524 mortuus
1287 1474 1400 1539 est,
1421 1482 1559 1523 cum
1582 1481 1696 1541 ego
1727 1464 1997 1541 quinque
2027 1474 2088 1523 et
2118 1483 2285 1525 sexa·
2314 1468 2321 1476 “

368 1566 541 1644 ginta
568 1583 764 1625 annos
788 1573 967 1623 natus
998 1562 1194 1640 legem
1213 1562 1554 1622 Voconiam
1584 1580 1806 1638 magna
1828 1580 1979 1621 voce
2010 1571 2073 1622 et
2100 1562 2282 1622 bonis

370 1663 662 1723 lateribus
687 1660 1036 1721 suasissem.
1113 1662 1327 1720 Annos
1357 1658 1744 1737 septuaginta
1773 1667 1971 1732 natuS,
1999 1669 2089 1719 tot
2117 1659 2279 1719 enim

372 1760 519 1820 vixit
570 1757 822 1830 EnniuS,
873 1757 958 1818 ita
1006 1756 1243 1817 ferebat
1292 1758 1416 1816 duo
1468 1774 1625 1834 quae
1675 1755 1940 1815 maxima
1988 1766 2281 1834 putantur

371 1876 576 1930 onera,
607 1866 1031 1935 paupertatem
1060 1863 1123 1914 et
1145 1863 1541 1931 senectutem,
1566 1862 1633 1912 ut
1654 1853 1743 1912 eis
1765 1872 1962 1930 paene
1986 1853 2278 1914 delectari

369 1957 695 2017 videretur.

453 2053 712 2129 Etenim,
769 2072 908 2115 cum
963 2041 1339 2131 complector
1411 2052 1632 2123 animo,
1689 2062 1975 2131 quattuor
2045 2053 2279 2132 reperio
2318 2068 2380 2133 15

369 2171 588 2212 causas
609 2171 717 2211 cur
737 2162 1022 2212 senectus
1052 2154 1272 2212 misera
1293 2151 1606 2211 videatur:
1651 2171 1852 2224 unam,
1879 2152 2043 2229 quod
2067 2162 2281 2212 avocet

369 2271 408 2311 a
434 2250 618 2310 rebus
644 2249 928 2328 gerendis
950 2271 967 2323 ;
1011 2250 1278 2321 alteram,
1304 2249 1471 2325 quod
1499 2268 1721 2326 corpus
1742 2250 1927 2309 faciat
1950 2249 2243 2308 infirmius
2264 2270 2284 2324 ;

372 2348 627 2420 tertiam,
659 2346 825 2424 quod
866 2347 1062 2424 privet
1104 2346 1387 2406 omnibus
1429 2347 1556 2405 fere
1600 2346 2015 2424 voluptatibus
2035 2368 2054 2422 3
2108 2366 2281 2424 quar-

372 2457 513 2519 tam,
545 2444 710 2521 quod
752 2443 917 2503 haud
959 2443 1172 2521 procul
1209 2443 1369 2503 absit
1399 2462 1436 2502 a
1465 2454 1677 2504 morte.
1772 2444 2014 2517 Earum,
2058 2444 2109 2504 si
2147 2444 2275 2523 pla-

369 2552 486 2615 cet,
516 2560 833 2601 causarum
876 2550 1106 2619 quanta
1150 2559 1459 2617 quamque
1505 2541 1582 2600 sit
1627 2540 1784 2600 iusta
1828 2560 1951 2600 una
2001 2561 2280 2619 quaeque

373 2640 701 2699 videamus

450 2734 566 2791 VI.
649 2734 705 2791 A
734 2732 914 2792 rebus
940 2731 1226 2809 gerendis
1265 2740 1548 2792 senectus
1594 2731 1910 2792 abstrahit.
1996 2731 2281 2807 Quibus?

375 2834 474 2890 An
514 2830 620 2903 eis,
654 2848 810 2907 quae
853 2828 1165 2890 iuventute
1205 2839 1497 2908 geruntur
1525 2841 1586 2890 et
1616 2830 1889 2891 viribus?
1974 2831 2279 2891 Nullaene

370 2927 552 3006 igitur
606 2945 703 2987 res
760 2936 904 2987 sunt
959 2927 1199 3000 senileS,
1249 2946 1406 3004 quae
1458 2927 1553 2987 vel
1613 2927 1865 2988 infirmis
1919 2928 2276 3008 corporibus

371 3024 576 3085 animo
627 3034 828 3085 tamen
880 3025 1420 3086 administrentur?
1521 3025 1687 3086 Nihil
1740 3045 1885 3104 ergo
1931 3027 2154 3104 agebat
2199 3028 2278 3103 Q.

374 3124 697 3196 Maximus,
729 3123 876 3182 nihil
921 3125 991 3184 L.
1024 3124 1268 3196 Paulus,
1300 3133 1475 3200 pater
1517 3133 1676 3195 tuuS,
1706 3142 1881 3183 socer
1923 3123 2135 3202 optimi
2169 3125 2279 3184 viri

372 3221 456 3281 fili
487 3220 645 3280 mei?
730 3221 934 3281 Ceteri
969 3239 1166 3294 seneS‚
1201 3219 1462 3280 Fabricii
1508 3221 1675 3280 Curii
1720 3220 2106 3294 Coruncanii,
2139 3241 2275 3281 cum

372 3336 497 3376 rem
542 3318 845 3396 publicam
888 3318 1146 3378 consilio
1175 3327 1238 3377 et
1267 3317 1630 3377 auctoritate
1660 3317 2093 3391 defendebant,
2127 3318 2275 3376 nihil

373 3416 678 3494 agebant?
747 3415 846 3475 Ad
878 3414 1041 3492 Appi
1072 3413 1293 3474 Claudi
1322 3423 1698 3474 senectutem
1732 3414 2065 3474 accedebat
2093 3414 2275 3474 etiarn

372 3522 440 3572 ut
481 3530 700 3572 caecus
744 3521 909 3572 esset
927 3532 948 3586 3
1002 3520 1208 3571 tamen
1253 3510 1325 3583 is,
1369 3529 1506 3569 cum
1553 3511 1858 3570 sententia
1901 3521 2152 3570 senatus
2195 3509 2277 3568 in·
2310 3511 2382 3569 16
