2788 3999
505 310 592 359 20
1269 310 1614 367 LAELIUS
2117 312 2309 383 [Χιν.
2337 317 2406 382 48

398 504 470 565 49
501 503 673 544 amor
702 482 1008 543 exoriatur
1038 498 1290 540 necesse
1321 492 1435 541 est.
1520 481 1687 555 Quid
1716 481 1877 542 enirn
1906 493 2031 543 tarn
2076 485 2405 546 absurdum

500 600 682 660 quam
752 578 1045 638 delectari
1120 578 1324 637 multis
1397 578 1680 638 inanibus
1749 580 1949 653 rebus,
2016 592 2082 641 ut
2154 584 2402 657 honore,

497 688 565 738 ut
612 677 822 756 gloria,
880 685 947 735 ut
1003 675 1299 749 aedificio,
1357 687 1424 735 ut
1480 676 1700 736 vestitu
1750 677 2036 753 cultuque
2093 682 2404 756 corporis:

498 776 807 835 animante
863 773 1082 833 virtute
1138 773 1435 849 praedit0‚
1493 792 1568 832 eo
1625 774 1727 851 qui
1782 776 1879 833 vel
1930 795 2132 836 amare
2177 779 2290 851 vel,
2339 788 2405 838 ut

498 873 582 933 ita
631 871 849 946 dicam,
900 871 1214 930 redamare
1254 870 1467 947 possit,
1515 890 1639 930 non
1690 872 2018 932 admodum
2067 874 2403 936 delectari?

499 969 668 1029 Nihil
697 978 791 1029 est
820 967 979 1027 enim
1011 967 1499 1026 remuneratione
1542 969 2023 1044 benevolentiae,
2057 971 2203 1029 nihil
2235 972 2404 1032 vicis-

392 1085 468 1146 50
496 1066 761 1128 situdine
791 1065 1129 1125 studiorum
1173 1065 1629 1142 officiorumque
1673 1066 2010 1127 iucundiuS.
2096 1068 2308 1142 Quid?
2352 1070 2403 1129 si

496 1164 647 1224 illud
675 1164 859 1223 etiam
889 1161 1188 1232 addimus,
1221 1163 1386 1237 quod
1416 1173 1580 1222 recte
1624 1163 1769 1222 addi
1809 1174 2032 1241 potest,
2077 1166 2224 1224 nihil
2267 1185 2403 1226 esse

401 1312 404 1314 Α
497 1260 664 1337 quod
706 1259 787 1319 ad
829 1277 896 1318 se
940 1276 1065 1317 rem
1110 1257 1294 1316 ullam
1339 1267 1465 1317 tam
1510 1258 1722 1318 illiciat
1745 1269 1810 1327 ,et
1838 1269 1962 1319 tam
1992 1262 2192 1321 trahat
2221 1280 2400 1339 quam

498 1358 577 1418 ad
632 1356 957 1417 amicitiam
1015 1355 1364 1428 similitudo,
1424 1357 1797 1417 concedetur
1860 1358 2136 1435 profecto
2194 1378 2402 1419 verum

495 1473 650 1528 esse,
710 1463 778 1513 ut
831 1454 1029 1513 bonos
1083 1453 1231 1513 boni
1286 1452 1543 1531 diligant
1594 1454 2017 1531 asciscantque
2062 1456 2178 1515 sibi
2228 1459 2404 1533 quasi

495 1551 949 1630 propinquitate
979 1550 1340 1609 coniunctos
1371 1560 1555 1628 atque
1588 1560 1822 1611 natura.
1907 1553 2075 1610 Nihil
2106 1561 2199 1612 est
2240 1554 2402 1612 enim

495 1649 883 1727 appetentius
942 1646 1223 1707 similium
1283 1647 1376 1706 sui
1430 1665 1543 1706 nec
1588 1647 1867 1725 rapacius
1926 1667 2109 1724 quam
2167 1660 2402 1710 natura.

495 1743 696 1818 Quam
727 1745 809 1803 ob
838 1760 964 1802 rem
993 1742 1110 1801 hoc
1140 1741 1405 1818 quidem,
1440 1743 1637 1801 Fanni
1677 1753 1739 1801 et
1785 1743 2095 1816 Scaevola,
2141 1755 2400 1816 constet,

493 1852 560 1902 ut
605 1842 839 1921 opinor,
886 1841 1065 1902 bonis
1111 1841 1269 1904 inter
1312 1841 1510 1901 bonos
1556 1841 1732 1917 quasi
1768 1842 2170 1901 necessariam
2217 1843 2402 1902 bene-

493 1941 841 2015 volentiam,
872 1942 973 2021 qui
1011 1950 1106 2002 est
1150 1940 1451 2002 amicitiae
1490 1940 1631 2002 fons
1676 1960 1714 1999 a
1758 1950 1975 2001 natura
2016 1941 2400 2003 coustitutuS.

497 2041 620 2101 Sed
677 2042 891 2101 eadem
948 2040 1195 2102 bonitas
1251 2040 1433 2100 etiam
1488 2040 1567 2099 ad
1618 2039 2066 2099 multitudinem
2119 2041 2400 2118 pertinet.

496 2141 639 2198 Non
678 2139 837 2198 enim
882 2149 977 2198 est
1021 2138 1354 2197 inhumana
1398 2137 1587 2196 virtus
1635 2154 1834 2212 neque
1878 2137 2160 2196 immunis
2203 2157 2402 2215 neque

494 2236 774 2313 superba,
833 2255 991 2314 quae
1051 2236 1231 2295 etiam
1299 2235 1562 2311 populos
1618 2234 1936 2294 universos
1994 2235 2147 2294 tueri
2195 2236 2402 2312 eisque

494 2334 723 2411 optime
751 2334 1068 2394 consulere
1108 2333 1319 2403 soleat,
1366 2332 1533 2408 quod
1578 2351 1699 2392 non
1744 2333 1971 2391 faceret
2014 2334 2307 2408 profecto,
2352 2333 2405 2392 si

496 2450 534 2491 a
561 2431 811 2491 caritate
840 2431 1001 2508 volgi
1033 2430 1404 2489 abhorreret.
1493 2431 1697 2504 Atque
1741 2430 1922 2488 etiam
1967 2429 2115 2487 mihi
2158 2430 2401 2505 quidem

494 2527 792 2600 videntur,
825 2527 929 2603 qui
958 2525 1234 2585 utilitatis
1265 2544 1452 2584 causa
1481 2526 1719 2603 fingunt
1757 2526 2071 2598 amicitias,
2105 2526 2406 2585 amabilis·

494 2623 710 2684 simum
741 2624 966 2683 nodum
1008 2622 1307 2681 amicitiae
1338 2622 1573 2681 tollere.
1659 2624 1801 2681 Non
1832 2622 1991 2681 enim
2022 2632 2144 2681 tam
2175 2622 2405 2682 utilitas

494 2731 671 2798 parta
697 2738 806 2798 per
834 2719 1093 2780 amicum
1125 2739 1306 2796 quam
1340 2719 1517 2778 amici
1557 2737 1727 2778 amor
1768 2719 1899 2796 ipse
1942 2719 2225 2793 delectat,
2257 2728 2408 2778 tum·

496 2836 616 2896 que
645 2817 792 2876 illud
822 2818 906 2888 fit,
939 2818 1102 2893 quod
1150 2818 1230 2876 ab
1274 2816 1470 2876 amico
1514 2825 1608 2876 est
1649 2817 2008 2894 profectum,
2053 2815 2403 2889 iucundum,

497 2913 547 2972 si
577 2931 711 2972 cum
743 2914 946 2974 studio
976 2923 1071 2973 est
1098 2914 1458 2991 profectum,
1492 2923 1850 2990 tantumque
1881 2912 2057 2971 abest
2099 2922 2167 2971 ut
2210 2910 2408 2972 amici·

498 3009 618 3069 tiae
660 3021 906 3088 propter
947 3012 1342 3089 indigentiam
1387 3012 1681 3084 colantur,
1726 3021 1792 3070 ut
1834 3011 1908 3084 ei,
1954 3010 2059 3088 qui
2097 3010 2317 3087 opibus
2346 3019 2409 3069 et

497 3107 690 3185 copiis
719 3109 1097 3186 maximeque
1126 3109 1365 3181 virtute,
1398 3107 1460 3167 in
1490 3127 1610 3183 qua
1649 3108 1971 3185 plurimum
2000 3118 2095 3167 est
2123 3107 2405 3185 praesidi,

497 3205 742 3265 minime
800 3207 1044 3266 alterius
1102 3206 1433 3282 indigeant,
1485 3205 1890 3265 liberalissimi
1937 3205 2060 3265 sint
2116 3214 2177 3264 et
2225 3205 2407 3264 bene·

496 3286 927 3389 ficentissimi)
977 3303 1182 3378 Atque
1212 3301 1375 3361 haud
1409 3300 1594 3360 sciam
1627 3319 1705 3359 an
1737 3318 1814 3359 ne
1843 3319 1998 3376 opus
2041 3300 2120 3360 sit
2161 3299 2407 3377 quidem

499 3395 647 3454 nihil
676 3415 961 3472 umquam
1005 3398 1255 3456 omnino
1294 3399 1513 3456 deesse
1542 3396 1773 3456 amiciS.
1858 3396 1983 3456 Ubi
2013 3397 2173 3456 enim
2204 3396 2406 3456 studia

500 3501 710 3552 nostra
737 3492 1088 3570 viguissent,
1117 3493 1171 3553 si
1200 3512 1529 3570 numquam
1559 3493 1833 3566 consilio,
1866 3511 2191 3570 numquam
2220 3512 2409 3573 opera
