2788 3999
520 345 610 393 20
1190 342 1408 397 cATo
1461 342 1732 397 MA1oR
2133 341 2428 414 [X1v.46

520 523 726 576 tutem.
813 515 920 574 Me
964 533 1108 575 vero
1153 523 1216 575 et
1261 513 1610 592 magisteria
1655 513 1963 573 delectant
2009 532 2046 572 a
2095 512 2426 573 maioribus

520 610 798 671 instituta
825 622 886 671 et
916 612 966 671 is
996 630 1213 684 sermo,
1245 612 1348 689 qui
1379 629 1547 670 more
1578 610 1871 669 maiorum
1902 629 1938 669 a
1981 628 2218 669 summo
2260 609 2430 669 adhi-

520 709 697 769 betur
741 709 803 767 in
851 710 1090 786 pocu10,
1140 718 1203 768 et
1252 708 1490 786 pocula,
1541 708 1696 767 sicut
1746 707 1805 765 in
1860 707 2182 786 Symposio
2226 709 2432 766 Xeno-

521 805 769 884 phontis
798 817 908 879 est‚
941 807 1172 865 minuta
1203 816 1385 882 atque
1409 804 1693 878 rorantia,
1717 815 1778 864 et
1801 805 2174 883 refrigeratio
2194 814 2431 864 aestate

522 913 584 963 et
632 902 894 963 vicissim
946 902 1049 963 a'ut
1091 903 1183 962 sol
1229 914 1331 962 aut
1373 902 1531 980 ignis
1574 902 1878 963 hibernus,
1965 902 2140 978 Quae
2183 902 2432 979 quidem

521 1000 702 1061 etiam
734 999 794 1059 in
829 1000 1071 1061 Sabinis
1099 1000 1382 1078 persequi
1414 1000 1583 1060 soleo
1613 1001 2077 1079 conviviumque
2100 1000 2432 1070 vicinorum

522 1097 747 1159 cotidie
777 1098 1072 1175 compleo,
1104 1100 1268 1174 quod
1302 1097 1378 1156 ad
1412 1099 1659 1157 multam
1693 1108 1931 1157 noctem
1964 1117 2147 1175 quam
2170 1097 2433 1157 maxime

524 1213 849 1272 possumus
906 1195 1073 1254 vario
1130 1213 1412 1254 sermone
1470 1195 1877 1272 producimus.
1989 1199 2073 1254 At
2141 1214 2264 1254 non
2336 1204 2433 1254 est

421 1313 491 1370 47
524 1292 902 1370 voluptatum
960 1301 1134 1351 tanta
1189 1291 1365 1369 quasi
1421 1291 1688 1352 titillatio
1745 1292 1806 1351 in
1853 1293 2118 1353 senibus,
2208 1292 2433 1362 Credo,

525 1390 636 1450 sed
667 1407 743 1448 ne
786 1389 1156 1449 desideratio
1199 1389 1488 1466 quidem3
1531 1389 1678 1448 nihil
1724 1400 1926 1450 autem
1971 1399 2066 1450 est
2108 1389 2434 1449 molestum

525 1486 693 1565 quod
736 1506 861 1545 non
902 1486 1235 1545 desideres.
1320 1488 1486 1545 Bene
1534 1487 1889 1563 Sophocles,
1934 1506 2069 1547 cum
2101 1505 2176 1546 ex
2204 1504 2281 1545 eo
2310 1487 2437 1563 qui·
2508 1490 2519 1507 ³

529 1584 669 1643 darn
726 1582 845 1642 iam
902 1582 1126 1643 affecto
1195 1593 1398 1643 aetate
1455 1594 1791 1660 quaereret,
1847 1595 2195 1644 utereturne
2251 1583 2438 1644 rebus

526 1680 805 1749 veneriis,
841 1679 938 1739 ‘di
968 1680 1289 1740 meliora!'
1321 1681 1517 1757 inquit
1539 1703 1557 1755 3
1597 1684 1749 1759 ‘ego
1790 1700 1935 1742 vero
1978 1681 2156 1743 istinc
2198 1682 2356 1743 sicut
2401 1701 2439 1741 a

529 1773 776 1833 domino
801 1773 1023 1851 agresti
1048 1791 1120 1832 ac
1147 1774 1377 1834 furioso
1408 1774 1688 1852 profugi!
1758 1774 2015 1853 Cupidis
2045 1776 2204 1835 enim
2237 1795 2438 1836 rerum

529 1871 737 1934 talium
768 1871 1048 1931 odiosum
1077 1871 1335 1930 fortasse
1367 1883 1429 1932 et
1460 1872 1778 1933 molestum
1810 1883 1906 1933 est
1947 1891 2171 1948 carere,
2201 1873 2440 1934 satiatis

528 1987 673 2030 vero
702 1978 764 2029 et
792 1967 1050 2048 expletis
1080 1967 1400 2031 iucundius
1430 1980 1524 2031 est
1562 1990 1769 2032 carere
1810 1990 1992 2051 quam
2020 1971 2138 2034 frui
2160 1994 2179 2049 3
2231 1992 2441 2052 quam-

530 2086 714 2146 quam
751 2087 875 2128 non
920 2078 1088 2128 caret
1129 2068 1203 2139 is,
1235 2069 1338 2147 qui
1389 2090 1512 2129 non
1558 2070 1865 2130 desiderat
1886 2094 1905 2146 3
1959 2091 2105 2150 ergo
2150 2073 2268 2132 hoc
2314 2092 2440 2132 non

425 2171 500 2241 48
530 2168 878 2230 desiderare
928 2171 1068 2232 dico
1126 2191 1262 2234 esse
1320 2173 1663 2236 iucundius.
1768 2174 1953 2252 Quod
2005 2174 2053 2237 si
2104 2173 2238 2235 istis
2288 2172 2440 2252 ipsis

529 2268 945 2346 voluptatibus
974 2271 1141 2333 bona
1180 2283 1352 2334 aetas
1393 2274 1611 2334 fruitur
1654 2273 1959 2349 libentiuS,
2005 2272 2265 2351 primum
2308 2290 2442 2349 par-

528 2366 685 2427 vulis
714 2367 932 2427 fruitur
959 2370 1164 2445 rebus,
1189 2381 1258 2431 ut
1285 2372 1565 2445 diximuS,
1597 2371 1820 2431 deinde
1850 2371 1955 2445 eis,
1987 2369 2211 2449 quibus
2234 2387 2441 2429 senec-

530 2474 647 2539 tus,
679 2464 861 2525 etiam
892 2465 942 2526 si
976 2486 1094 2526 non
1127 2467 1370 2527 abunde
1403 2470 1645 2546 potitur,
1671 2488 1792 2528 non
1823 2468 2071 2528 omnino
2094 2477 2279 2527 caret.
2350 2467 2443 2527 Ut

531 2564 844 2640 Turpione
879 2564 1161 2625 Ambivio
1190 2566 1383 2644 magis
1414 2567 1753 2626 delectatur
1781 2565 1883 2643 qui
1913 2565 1973 2624 in
2014 2565 2211 2643 prima
2251 2582 2443 2625 cavea

533 2672 787 2738 spectat,
819 2662 1158 2723 delectatur
1186 2674 1389 2723 tamen
1422 2663 1603 2724 etiam
1640 2664 1743 2741 qui
1787 2664 1844 2722 in
1893 2663 2119 2735 ultima,
2148 2662 2257 2724 ’sic
2300 2661 2444 2722 adu-

534 2758 826 2818 lescentia
894 2761 1240 2838 voluptates
1311 2771 1561 2839 propter
1629 2761 1871 2821 intuens
1929 2760 2122 2839 magis
2178 2761 2443 2821 fortasse

534 2853 808 2930 laetatur,
868 2858 978 2917 sed
1049 2859 1388 2919 delectatur
1456 2859 1637 2918 etiam
1698 2868 1997 2930 senectuS,
2055 2858 2266 2936 procul
2335 2874 2442 2917 eas

427 2971 502 3029 49
533 2962 834 3030 spectans,
864 2965 1096 3015 tantum
1129 2967 1422 3034 quantum
1455 2967 1550 3016 sat
1579 2966 1691 3016 est.
1777 2959 1858 3016 At
1903 2955 2006 3015 illa
2036 2955 2249 3034 quanti
2280 2966 2437 3030 sunt,

439 3078 451 3087 ·
535 3050 798 3110 animum
819 3061 1128 3129 tamquam
1154 3054 1419 3113 emeritis
1442 3052 1760 3129 stipendiis
1783 3052 2052 3113 libidinis
2072 3052 2435 3126 ambitionis,

534 3149 991 3209 contentionum
1019 3149 1483 3221 inimicitiarum,
1505 3150 1901 3227 cupiditatum
1932 3150 2202 3211 omnium
2232 3170 2441 3211 secum

534 3263 669 3305 esse
709 3264 1056 3324 secumque,
1099 3257 1166 3307 ut
1214 3247 1449 3318 dicitur,
1490 3247 1724 3306 vivere!
1812 3246 1874 3306 Si
1909 3267 2054 3307 vero
2103 3248 2290 3308 habet
2339 3248 2438 3309 ali-

534 3341 698 3420 quod
730 3352 1037 3421 tamquam
1068 3344 1356 3422 pabulum
1388 3343 1551 3404 studi
1582 3354 1764 3421 atque
1795 3344 2127 3418 doctrinae,
2159 3344 2306 3405 nihil
2344 3355 2440 3404 est

534 3439 730 3500 otiosa
779 3450 1095 3501 senectute
1146 3440 1484 3500 iucundius.
1568 3440 1946 3501 Videbamus
1992 3441 2053 3501 in
2105 3440 2309 3501 studio
2358 3440 2440 3500 di-

537 3536 828 3599 metiendi
876 3557 1072 3617 paene
1117 3539 1269 3599 caeli
1317 3549 1502 3617 atque
1548 3547 1746 3599 terrae
1791 3539 2036 3603 Gallum
2079 3539 2438 3610 familiarem
