2788 3999
451 384 456 391 .
500 295 545 360 8
1101 305 1315 360 CATO
1368 304 1638 359 MAIOR
2179 304 2311 375 [vl.
2343 301 2400 359 ιε

497 477 750 536 clinaret
795 476 873 537 ad
918 494 1133 553 pacem
1183 493 1321 537 cum
1368 476 1600 554 Pyrrho
1648 473 1991 551 foedusque
2035 472 2402 548 faciendum,

499 596 622 635 non
668 575 968 635 dubitavit
1010 575 1211 634 dicere
1255 574 1375 647 illa,
1409 592 1565 652 quae
1595 573 1868 633 versibus
1911 583 2267 650 persecutus
2310 584 2402 633 est

500 673 770 734 Ennius:
1696 664 1701 672 ’

736 823 849 883 quo
876 807 1037 865 vobis
1064 812 1288 877 mentes,
1317 813 1498 864 rectae
1522 812 1687 884 quaev
1695 815 1857 867 stare
1878 809 2134 866 solebant

735 903 991 975 antehac,
1022 902 1293 961 dementis
1317 921 1433 961 sese
1437 904 1664 980 flexere
1689 907 1818 964 viai
1833 908 1860 963 ?
1887 949 1896 957 ..

495 1060 820 1129 ceteraque
847 1050 1220 1129 gravissime,
1253 1059 1464 1109 notum
1494 1051 1656 1110 enim
1687 1053 1862 1113 vobis
1905 1070 2151 1112 carmen
2193 1059 2304 1123 est,
2337 1059 2399 1108 et

497 1159 703 1209 tamen
746 1148 935 1225 ipsius
966 1147 1128 1225 Appi
1158 1157 1356 1206 exstat
1390 1147 1605 1207 orati0.
1693 1151 1894 1226 Atque
1938 1150 2090 1208 haec
2133 1147 2235 1206 ille
2276 1147 2401 1224 egit

496 1245 931 1324 septemdecim
963 1245 1139 1304 annis
1169 1253 1309 1322 post
1341 1244 1595 1303 alterum
1639 1246 2043 1319 consulatum,
2075 1263 2211 1304 cum
2241 1244 2399 1302 inter

494 1343 651 1403 duos
707 1342 1060 1402 consulatus
1118 1340 1260 1400 anni
1315 1341 1530 1400 decem
1588 1342 2003 1402 interfuissent
2059 1359 2398 1418 censorque

495 1451 636 1500 ante
679 1439 1049 1518 superiorem
1093 1438 1477 1499 consulatum
1508 1438 1740 1512 fuisset,
1772 1458 1848 1499 ex
1878 1459 1999 1517 quo
2028 1438 2399 1516 intellegitur

497 1538 708 1616 Pyrrhi
730 1537 895 1597 bello
915 1537 1208 1615 grandem
1239 1554 1387 1595 sane
1411 1535 1617 1610 fuisse,
1639 1547 1700 1597 et
1722 1547 1928 1597 tamen
1958 1537 2044 1596 sic
2067 1556 2105 1595 a
2126 1535 2400 1613 patribus

398 1654 462 1714 17
496 1635 858 1713 accepimus.
961 1633 1128 1693 Nihil
1186 1632 1369 1710 igitur
1425 1633 1687 1694 afferunt
1735 1635 1839 1711 qui
1895 1634 1956 1692 in
2010 1652 2074 1693 re
2129 1633 2402 1712 gerenda

494 1733 721 1793 versari
778 1742 1152 1791 senectutem
1204 1741 1448 1809 negant,
1499 1732 1849 1808 similesque
1895 1742 2036 1791 sunt
2080 1741 2149 1791 ut
2196 1731 2249 1791 si
2298 1732 2402 1810 qui

495 1831 958 1909 gubernatorem
990 1829 1050 1887 in
1082 1828 1429 1907 navigando
1473 1829 1621 1888 nihil
1665 1847 1842 1906 agere
1873 1829 2098 1902 dicant,
2130 1847 2266 1889 cum
2298 1830 2401 1888 alii

496 1929 690 1987 malos
736 1927 1053 1999 scandant,
1106 1926 1207 1985 alii
1250 1945 1359 2005 per
1406 1926 1574 1986 foros
1630 1936 1895 2001 cursent,
1942 1926 2043 1985 alii
2098 1926 2401 1987 sentinam

495 2027 868 2099 exhauriant,
901 2024 1000 2084 ille
1029 2024 1268 2084 clavum
1298 2035 1515 2084 tenens
1546 2023 1786 2101 quietus
1830 2024 2043 2084 sedeat
2085 2024 2147 2083 in
2190 2024 2395 2101 puppi,

497 2145 619 2185 non
649 2124 835 2184 faciat
864 2143 955 2197 ea,
986 2142 1144 2200 quae
1180 2122 1446 2182 iuvenes.
1537 2125 1616 2181 At
1643 2140 1785 2181 vero
1832 2123 2023 2183 multo
2066 2121 2298 2181 maiora
2338 2131 2401 2181 et

495 2225 747 2285 meliora
775 2226 939 2286 facit.
1026 2228 1168 2286 Non
1198 2226 1426 2286 viribus
1470 2236 1573 2287 aut
1603 2226 1923 2288 velocitate
1955 2236 2059 2286 aut
2087 2226 2398 2286 celeritate

495 2342 814 2402 corporum
846 2343 941 2383 res
972 2343 1225 2402 magnae
1253 2334 1561 2402 geruntur,
1594 2325 1703 2384 sed
1733 2325 1989 2385 consilio
2034 2323 2392 2384 auctoritate

496 2422 818 2494 sententia,
837 2422 1059 2499 quibus
1090 2441 1210 2481 non
1242 2421 1427 2482 modo
1458 2442 1580 2482 non
1605 2422 1952 2497 orbari‚sed
1982 2422 2163 2483 etiarn
2195 2420 2399 2499 augeri

396 2520 465 2578 18
497 2529 780 2580 senectus
829 2519 986 2579 solet
1008 2541 1024 2593 3
1083 2519 1198 2580 nisi
1241 2520 1401 2580 forte
1450 2539 1565 2599 ego
1616 2519 1805 2594 vobiS,
1858 2520 1962 2597 qui
2011 2530 2073 2580 et
2121 2518 2296 2578 miles
2341 2527 2404 2578 et

495 2617 772 2677 tribunus
821 2626 882 2675 et
932 2619 1168 2695 legatus
1218 2627 1279 2677 et
1335 2617 1551 2678 consul
1599 2629 1875 2678 versatus
1932 2636 2065 2677 sum
2122 2616 2183 2675 in
2233 2615 2402 2676 vario

494 2732 717 2792 genere
765 2714 1082 2788 bellorum,
1123 2734 1363 2775 cessare
1415 2734 1577 2774 nunc
1625 2715 1852 2787 videor,
1884 2732 2021 2773 cum
2068 2713 2232 2773 bella
2278 2731 2400 2772 non

495 2829 660 2888 ger0.
747 2814 831 2872 At
859 2813 1096 2872 senatui
1137 2830 1294 2890 quae
1337 2811 1459 2872 sint
1499 2812 1770 2890 gerenda
1812 2811 2158 2888 praescribo
2188 2819 2249 2870 et
2279 2829 2401 2887 quo

497 2909 683 2968 modo
709 2930 726 2983 3
765 2909 1118 2987 Carthagini
1148 2909 1304 2968 male
1336 2909 1455 2968 iam
1485 2909 1589 2969 diu
1618 2907 1907 2986 cogitanti
1951 2907 2177 2967 bellum
2211 2907 2402 2966 multo

499 3016 640 3065 ante
683 3006 993 3078 denuntiO,
1025 3007 1102 3065 de
1146 3025 1269 3083 qua
1310 3006 1502 3065 vereri
1546 3025 1669 3065 non
1713 3015 1855 3065 ante
1899 3005 2174 3064 desinam
2217 2998 2403 3081 quam

401 3122 468 3183 19
501 3103 665 3163 illam
697 3104 993 3164 exscisam
1024 3092 1556 3182 esse‘cognovero.
1643 3102 1843 3177 Quam
1876 3103 2138 3180 palmam
2169 3102 2401 3161 utinam

499 3202 561 3260 di
611 3202 997 3273 immortale3‚
1053 3201 1274 3279 Scipio,
1322 3201 1433 3270 tibi
1478 3210 1805 3274 reservent,
1837 3210 1903 3259 ut
1952 3200 2048 3258 avi
2092 3197 2403 3275 relliquias

501 3318 884 3377 persequare,
906 3299 1077 3359 cuius
1101 3319 1137 3358 a
1157 3309 1349 3359 morte
1379 3299 1590 3370 tertius
1622 3297 1720 3357 hic
1748 3308 1810 3356 et
1839 3296 2176 3356 tricesimus
2206 3315 2409 3355 annus.

499 3406 610 3470 est,
643 3398 750 3457 sed
784 3398 1135 3457 memoriam
1167 3396 1325 3456 illius
1353 3396 1463 3455 viri
1494 3415 1706 3456 omnes
1737 3394 2041 3471 excipient
2075 3392 2219 3452 anni
2262 3412 2400 3453 con-

501 3504 843 3570 sequentes.
957 3496 1142 3553 Anno
1198 3503 1341 3553 ante
1397 3511 1494 3551 me
1561 3511 1876 3552 censorem
1947 3496 2220 3551 mortuus
2288 3501 2397 3564 est,
