2788 3999
424 315 803 388 XX11.··831‘
842 277 847 281 ⁶
1138 319 1246 372 DE
1298 319 1704 373 AMICITIA.
2234 319 2308 384 31

422 497 578 560 sunt,
637 505 913 564 quaeque
971 488 1084 565 ipsi
1126 508 1262 547 ·non
1314 489 1585 548 tribuunt
1632 488 1858 560 amicis,
1906 489 2060 546 haec
2105 485 2183 545 ab
2231 485 2321 546 eis

421 585 787 657 desiderant..
822 630 837 641 ..
876 585 1002 643 Par.
1021 595 1117 644 est
1139 595 1357 644 ‚autem
1400 585 1658 662 primum
1703 584 1900 660 ipsum
1946 602 2082 643 esse
2127 584 2319 642 virum

419 682 664 755 bonum,
695 692 821 741 tum
853 682 1105 740 alterum
1144 683 1404 741 similem
1448 682 1542 741 sui
1584 699 1892 759 quaerere.
1980 682 2055 739 In
2097 679 2322 740 talibus

419 798 508 852 ea,
562 799 741 856 quam
800 780 916 838 iam
975 780 1234 839 dudum:
1260 790 1605 853 tractamuS,
1665 778 1965 838 stabilitas
2022 777 2321 837 amicitiae

419 876 760 936 confirmari
786 887 1007 955 potest,
1038 896 1176 937 cum
1218 877 1498 936 homines
1540 875 1970 937 benevolentia
2013 874 2321 934 coniuncti

422 975 673 1050 primum
716 975 1147 1051 cupiditatibus
1186 959 1525 1050 eis-quibus
1553 972 1739 1032 ceteri
1768 972 2037 1031 serviunt
2067 970 2321 1048 impera·

419 1071 584 1142 bunt,
615 1071 838 1130 deinde
869 1072 1174 1148 aequitate
1197 1070 1555 1147 iustitiaque
1597 1069 1953 1148 gaudebunt
1996 1067 2320 1145 omniaque

419 1167 569 1226 alter
610 1188 720 1244 pro
762 1170 953 1228 altero
983 1170 1273 1246 suscipiet
1300 1187 1501 1246 neque
1533 1168 1854 1245 quicquam
1886 1185 2173 1243 umquam
2205 1166 2322 1226 nisi

419 1266 737 1325 honestum
787 1277 849 1326 et
893 1276 1120 1326 rectum
1169 1268 1320 1326 alter
1366 1268 1445 1326 ab
1493 1267 1685 1325 altero
1731 1264 2084 1341 postulabit,
2122 1282 2321 1340 neque

420 1364 610 1423 solum
642 1365 845 1424 colent
874 1365 1031 1424 inter
1059 1384 1124 1424 se
1155 1367 1226 1424 ac
1256 1365 1525 1444 diligent,
1557 1365 1665 1424 sed
1706 1363 1889 1423 etiam
1933 1363 2318 1422 verebuntur.

423 1463 578 1519 Nam
610 1462 930 1520 maximum
966 1473 1384 1522 ornamentum
1430 1463 1731 1522 amicitiae
1775 1460 1950 1533 tollit,
1983 1459 2085 1536 qui
2130 1476 2206 1518 ex
2248 1477 2324 1519 ea

422 1558 575 1617 tollit
602 1559 1040 1619 verecundiam.
1127 1563 1344 1637 Itaque
1388 1560 1578 1629 in·;eis
1606 1558 1982 1637 perniciosus
2012 1565 2107 1615 est
2136 1574 2318 1629 error,
2349 1558 2423 1634 83

422 1655 522 1732 qui
552 1655 893 1715 existimant
921 1656 1238 1716 libidinum
1269 1667 1779 1735 peccatorumque
1811 1655 2079 1714 omnium
2111 1662 2321 1731 patere

422 1752 479 1810 in
538 1752 800 1835 amicitia
854 1753 1178 1814 licentiam.
1287 1755 1593 1813 Virtutum
1647 1752 1913 1812 amicitia
1969 1749 2230 1810 adiutrix
2270 1769 2324 1810 ·a

422 1859 635 1909 natura
659 1850 807 1910 data
843 1860 953 1924 est,
987 1870 1109 1911 non
1137 1852 1419 1911 vitiorum
1461 1870 1684 1924 comes,
1717 1861 1800 1924 ut,
1846 1848 2133 1928 quoniam
2178 1846 2321 1908 soli·

424 1947 572 2007 tatia
617 1966 739 2007 non
784 1958 992 2026 posset
1033 1949 1220 2009 virtus
1264 1949 1340 2010 ad
1390 1967 1466 2009 ea
1514 1966 1670 2026 quae
1720 1966 1958 2008 summa
2003 1954 2148 2006 sunt
2190 1963 2323 2024 per-

423 2045 640 2117 venire,
680 2045 1006 2106 coniuncta
1048 2056 1111 2106 et
1155 2046 1505 2106 consociata
1550 2064 1688 2105 cum
1728 2046 1919 2104 altera
1956 2043 2316 2120 perveniret.

422 2142 594 2216 Quae
623 2141 857 2219 siquos
886 2143 1041 2201 inter
1069 2144 1328 2203 societas
1358 2154 1464 2203 aut
1503 2152 1599 2203 est
1647 2153 1751 2202 aut
1796 2142 1911 2200 fuit
1962 2150 2067 2201 aut
2114 2141 2321 2201 futura
2378 2139 2386 2150 ”

420 2250 527 2311 est,
577 2257 783 2298 eorum
835 2249 927 2299 est
976 2240 1293 2299 habendus
1330 2240 1411 2299 ad
1451 2258 1747 2300 summum
1797 2249 2048 2298 naturae
2088 2238 2319 2299 bonum

419 2337 681 2413 optimus
710 2337 1215 2416 beatissimusque
1261 2339 1602 2399 comitatus,
1690 2339 1869 2397 Haec
1909 2347 2019 2411 est,
2051 2338 2320 2415 inquam,
2349 2339 2426 2413 84

420 2437 695 2508 societas,
748 2436 810 2494 in
859 2454 981 2513 qua
1029 2437 1232 2494 omnia
1290 2436 1513 2508 insunt,
1568 2453 1725 2513 quae
1776 2445 1992 2511 putant
2043 2435 2322 2494 homines

417 2533 777 2607 expetenda,
833 2534 1125 2593 honestas
1179 2534 1373 2612 gloria
1431 2532 1837 2609 tranquillitas
1894 2533 2077 2593 animi
2136 2542 2320 2610 atque

419 2629 775 2704 iucunditas,
821 2640 889 2690 ut
929 2641 1006 2705 et,
1054 2649 1191 2690 cum
1241 2633 1394 2691 haec
1445 2630 1665 2702 adsint,
1713 2632 1898 2692 beata
1941 2631 2066 2691 vita
2110 2632 2207 2704 sit,
2258 2640 2322 2691 et

416 2726 547 2785 sine
590 2727 683 2786 his
729 2745 864 2786 esse
909 2747 1031 2787 non
1080 2728 1290 2803 possit.
1376 2726 1562 2801 Quod
1611 2715 2093 2810 cum‘optimum
2140 2726 2323 2788 maxi-

419 2825 698 2900 mumque
741 2823 835 2896 sit,
868 2823 918 2884 si
959 2823 1019 2884 id
1053 2824 1332 2883 volumus
1362 2824 1635 2902 adipisci,
1667 2824 1870 2885 virtuti
1899 2844 2088 2902 opera
2115 2825 2323 2886 danda

417 2930 526 2990 est,
557 2921 688 2980 sine
718 2941 841 2999 qua
859 2940 973 2981 nec
995 2921 1320 2981 amicitiam
1341 2941 1540 2999 neque
1559 2923 1743 2982 ullam
1764 2942 1889 2982 rem
1913 2922 2321 3000 expetendam

417 3017 708 3094 consequi
754 3037 1112 3095 possumus:
1182 3039 1257 3079 ea
1299 3039 1444 3079 vero
1495 3020 1773 3098 neglecta
1822 3019 1924 3096 qui
1974 3038 2040 3078 se
2092 3019 2320 3080 amicos

420 3116 640 3174 habere
698 3116 1081 3189 arbitrantur,
1133 3126 1258 3198 tum
1306 3135 1371 3176 se
1419 3117 1683 3194 denique
1739 3134 1975 3177 errasse
2032 3116 2319 3189 sentiunt,

417 3230 550 3270 cum
595 3229 702 3270 eos
744 3211 943 3289 gravis
988 3211 1204 3288 aliquis
1234 3230 1412 3271 casus
1442 3211 1698 3288 experiri
1729 3211 1911 3290 cogit.
1996 3199 2318 3285 Quocirca,
2350 3214 2422 3290 85

418 3309 741 3370 dicendum
799 3319 892 3369 est
956 3310 1118 3369 enim
1183 3308 1445 3386 saepius,
1502 3327 1637 3367 cum
1710 3308 2010 3381 iudicaris,
2068 3308 2319 3387 diligere

418 3419 657 3484 oportet
681 3432 697 3484 3
754 3429 894 3480 non,
926 3428 1063 3468 cum
1095 3406 1393 3479 dilexeris,
1429 3406 1708 3465 iudicare.
1798 3406 1921 3465 Sed
1950 3424 2085 3464 cum
2116 3406 2319 3466 multis

413 3505 482 3565 in
520 3508 698 3566 rebus
739 3505 1122 3582 neglegentia
1163 3504 1498 3579 plectimur,
1524 3512 1654 3562 tum
1703 3503 1959 3564 maxime
2002 3502 2063 3563 in
2110 3501 2320 3566 amicis
