2788 3999
431 303 668 359 xxm.
694 301 795 377 ες]
1147 303 1260 358 DE
1312 303 1820 365 SENECTUTE.
2258 309 2339 380 35

430 493 539 534 car
566 474 728 534 enim
772 493 896 534 non
941 473 1020 534 ad
1062 493 1170 536 eos
1213 475 1412 535 solum
1441 475 1622 551 viros,
1654 478 1733 538 de
1777 477 1998 555 quibus
2027 489 2171 542 ante
2199 480 2343 556 dixi,

430 590 640 631 verum
683 573 867 631 etiam
913 572 992 632 ad
1029 573 1327 634 Catonem
1369 592 1590 648 meum,
1624 594 1747 652 quo
1791 593 1973 635 nemo
2001 576 2092 636 vir
2131 579 2346 640 melior

430 678 614 730 natus
641 678 753 742 est,
784 687 965 730 nemo
1003 670 1229 747 pietate
1264 670 1691 748 praestantior,
1720 671 1894 732 cuius
1923 690 1961 730 a
1989 691 2087 733 me
2121 693 2344 754 corpus

429 776 526 826 est
554 776 904 840 crematum,
937 767 1104 845 quod
1132 778 1347 827 contra
1374 767 1581 828 decuit
1610 768 1689 828 ab
1718 768 1823 828 illo
1853 787 2073 844 meum,
2104 771 2344 833 animus

427 882 575 925 vero
598 883 721 924 non
753 882 848 923 me
872 864 1163 925 deserens
1192 866 1302 924 sed
1326 876 1697 942 respectam,
1722 865 1783 924 in
1815 883 1889 925 ea
1910 868 2187 944 profecto
2209 869 2346 931 loca

426 961 714 1022 discessit
743 981 866 1040 quo
892 961 1033 1021 mihi
1066 962 1181 1040 ipsi
1203 962 1494 1022 cernebat
1522 980 1659 1023 esse
1680 962 2069 1026 veniendum.
2141 965 2341 1041 Quem

427 1075 545 1134 ego
567 1076 768 1116 meum
790 1075 1000 1116 casum
1030 1057 1267 1117 fortiter
1286 1059 1446 1117 ferre
1468 1057 1634 1117 visus
1663 1076 1815 1132 sum,
1842 1077 1964 1118 non
1993 1078 2118 1138 quo
2141 1078 2341 1138 aequo

427 1154 633 1214 animo
672 1155 909 1227 ferrern,
940 1155 1051 1215 sed
1095 1174 1192 1215 me
1235 1155 1366 1233 ipse
1410 1154 1777 1216 consolabar
1817 1154 2174 1218 existimans
2217 1176 2341 1220 non

427 1251 824 1329 longinquum
853 1252 1013 1313 inter
1040 1271 1155 1311 nos
1183 1252 1525 1330 digressum
1555 1261 1618 1311 et
1647 1252 1984 1313 discessum
2013 1254 2165 1315 fore.

511 1348 633 1409 His
667 1348 811 1408 mihi
855 1350 1056 1422 rebuS,
1091 1349 1313 1426 Scipio,
1344 1348 1408 1409 id
1451 1349 1614 1410 enim
1643 1361 1703 1410 te
1732 1369 1869 1411 cum
1901 1350 2114 1412 Laelio
2156 1350 2342 1412 admi·
2367 1353 2441 1432 85

424 1445 546 1506 rari
589 1446 786 1506 solere
836 1446 1060 1519 dixisti,
1107 1446 1260 1507 levis
1310 1456 1408 1507 est
1456 1458 1756 1522 senectuS,
1809 1467 1925 1509 nec
1969 1448 2167 1509 solum
2213 1467 2340 1510 non

423 1544 702 1618 molesta,
733 1544 844 1604 sed
887 1543 1071 1604 etiam
1114 1545 1403 1605 iucunda.
1487 1546 1672 1620 Quod
1702 1545 1753 1606 si
1797 1545 1860 1605 in
1888 1547 2007 1606 hoc
2045 1563 2201 1621 erre,
2231 1546 2337 1624 qui

424 1642 662 1703 animos
703 1642 1015 1703 hominum
1061 1642 1423 1705 immortalis
1452 1661 1588 1704 esse
1618 1643 1883 1716 credam,
1913 1643 2175 1703 libenter
2200 1661 2338 1704 erro

423 1761 540 1802 nec
581 1742 729 1801 mihi
756 1744 919 1803 hunc
948 1762 1230 1816 errorem,
1262 1762 1384 1821 quo
1414 1742 1713 1816 delector,
1750 1741 1895 1801 dum
1944 1740 2105 1813 vive,
2142 1751 2337 1802 extor—

422 1838 596 1917 queri
632 1839 812 1915 volo;
868 1841 963 1899 sin
1010 1850 1301 1913 mortuus,
1333 1849 1401 1899 ut
1441 1839 1688 1917 quidam
1730 1836 1946 1923 minuti
1984 1836 2334 1916 philosophi

421 1946 697 2010 censent,
748 1936 897 1996 nihil
954 1937 1232 2012 sentiam,
1289 1956 1412 1997 non
1461 1954 1677 1997 vereor
1726 1954 1802 1995 ne
1853 1935 2017 1995 hunc
2066 1922 2333 1995 errorem

420 2055 626 2096 meum
655 2036 1005 2114 philosophi
1033 2036 1255 2096 mortui
1279 2035 1589 2097 irrideant.
1628 2079 1633 2084 ·
1674 2034 1859 2109 Quod
1889 2033 1941 2094 si
1969 2052 2095 2093 non
2122 2052 2334 2094 sumus

421 2131 793 2191 immortales
822 2131 1025 2204 futuri,
1057 2141 1262 2191 tamen
1291 2131 1595 2211 exstingui
1631 2128 1861 2190 homini
1902 2147 2016 2189 suo
2058 2138 2332 2208 tempore

420 2229 692 2307 optabile
735 2239 849 2289 est.
934 2230 1096 2289 Nam
1138 2230 1326 2289 habet
1375 2239 1610 2304 natura,
1656 2239 1722 2289 ut
1766 2227 2017 2288 aliarum
2059 2226 2332 2287 omnium

418 2344 639 2400 rerum,
670 2327 758 2387 sic
785 2327 1030 2387 vivendi
1057 2328 1325 2388 modurn.
1415 2327 1713 2388 Senectus
1742 2334 1948 2385 autem
1987 2322 2208 2385 aetatis
2234 2333 2332 2386 est

418 2424 691 2502 peractio
721 2434 1031 2502 tamquam
1071 2425 1335 2498 fabulae,
1367 2425 1542 2485 cuius
1580 2422 2080 2503 defetigationem
2115 2421 2330 2502 fugere

417 2522 733 2595 debemuS‚
764 2521 1120 2599 praesertim
1149 2521 1438 2581 adiuncta
1467 2521 1769 2582 satietate.

502 2620 682 2679 Haec
709 2618 895 2680 habui
924 2620 1002 2679 de
1031 2629 1346 2680 senectute
1378 2638 1537 2696 quae
1566 2620 1851 2694 dicerem,
1883 2616 1963 2678 ad
2005 2635 2191 2695 quam
2216 2619 2325 2677 uti-

416 2735 561 2775 nam
590 2715 868 2790 veniatis,
898 2728 966 2778 ut
992 2736 1086 2794 ea,
1116 2735 1277 2796 quae
1304 2736 1381 2777 ex
1408 2735 1506 2777 me
1535 2716 1810 2791 audistis,
1840 2734 1906 2777 re
1933 2713 2169 2795 experti
2193 2731 2326 2794 pro

413 2814 565 2876 bare
595 2813 874 2893 possitis!
