2788 3999
505 318 588 368 ιο
1101 314 1318 371 cATo
1371 314 1646 369 MA1oR
2125 311 2296 387 [vu.
2329 328 2397 367 22

496 484 737 564 losophi
784 487 1008 547 senes?
1111 484 1312 560 Quam
1364 484 1556 544 multa
1601 482 2037 544 meminerunt!
2140 484 2401 543 Manent

496 582 740 663 ingenia
768 582 1037 656 senibus,
1068 582 1252 641 modo
1281 590 1639 660 permaneat
1673 581 1937 642 studium
1981 592 2043 642 et
2084 580 2399 655 industria,

495 697 695 759 neque
741 696 815 738 ea
860 678 1057 739 solum
1102 678 1282 738 claris
1331 687 1393 738 et
1442 677 1757 738 honoratis
1806 677 1964 752 viris,
2011 678 2121 739 sed
2171 676 2234 737 in
2278 678 2404 737 vita

496 778 679 838 etiam
717 776 953 855 privata
981 785 1044 836 et
1072 776 1297 855 quieta.
1385 775 1723 853 Sophocles
1752 775 1831 834 ad
1861 794 2156 835 summam
2199 793 2405 835 senec-

497 885 686 935 tutem
719 873 1064 952 tragoedias
1093 874 1239 933 fecit
1260 895 1278 948 3
1329 873 1497 952 quod
1527 882 1775 950 propter
1802 872 2068 932 studium
2097 891 2232 932 cum
2277 890 2404 931 rem

498 972 820 1051 neglegere
863 971 1221 1029 familiarem
1265 969 1586 1042 videretur,
1619 987 1656 1027 a
1697 968 1838 1028 filiis
1880 969 1942 1027 in
1986 969 2272 1029 iudicium
2306 988 2406 1029 vo·

497 1079 674 1129 catus
703 1078 817 1143 est,
848 1077 929 1141 ut,
964 1086 1144 1145 quem
1191 1067 1269 1126 ad
1309 1067 1556 1126 modum
1607 1075 1816 1126 nostro
1865 1085 2032 1126 more
2077 1067 2236 1126 male
2279 1086 2405 1127 rem

496 1164 848 1244 gerentibus
876 1163 1149 1241 patribus
1182 1162 1360 1222 bonis
1390 1161 1670 1221 interdici
1709 1161 1884 1235 solet,
1916 1162 2005 1222 sic
2034 1162 2202 1222 illum
2233 1162 2406 1239 quasi

498 1260 900 1339 desipientem
933 1279 988 1337 ,a
1033 1276 1096 1318 re
1144 1258 1425 1317 familiari
1473 1269 1851 1318 removerent
1890 1259 2140 1319 iudices.
2245 1260 2405 1319 Turn

498 1377 687 1419 senex
716 1358 936 1418 dicitur
965 1376 1099 1417 eam
1130 1356 1401 1416 fabulam
1432 1374 1614 1433 quam
1646 1356 1707 1414 in
1740 1357 2020 1417 manibus
2052 1358 2318 1417 habebat
2347 1367 2409 1417 et

498 1456 771 1533 proxime
810 1454 1154 1533 scripserat,
1184 1451 1491 1530 Oedipum
1539 1453 1898 1526 Coloneum,
1931 1454 2218 1514 recitasse
2261 1454 2410 1514 iudi-

499 1554 671 1614 cibus
700 1552 1133 1631 quaesisseque
1165 1570 1307 1610 num
1340 1550 1488 1609 illud
1520 1568 1763 1610 carmen
1795 1550 2153 1628 desipientis
2175 1550 2409 1611 videre-

394 1668 467 1726 ²3
499 1661 611 1721 tur,
636 1668 757 1726 quo
788 1650 1041 1708 recitato
1071 1648 1390 1708 sententiis
1420 1647 1685 1707 iudicum
1716 1656 1810 1722 est
1842 1647 2152 1707 liberatus·
2240 1649 2404 1708 Num

500 1747 680 1825 igitur
751 1747 932 1814 hunc,
1003 1765 1148 1805 num
1222 1746 1560 1804 Homerum
1636 1744 1980 1805 Hesiodum
2054 1745 2410 1805 Simoniden

503 1844 934 1916 Stesichorum,
988 1862 1129 1903 num
1177 1862 1331 1919 quos
1379 1853 1522 1902 ante
1572 1842 1697 1902 dixi
1750 1845 2064 1903 Isocraten
2117 1842 2408 1920 Gorgian,

500 1959 641 2001 num
673 1940 1171 2019 philosophorum
1201 1939 1524 2018 principe5‚
1554 1941 1938 2020 Pythagoran
1974 1939 2408 2014 Democritum,

439 2107 446 2115 .
502 2057 642 2098 num
718 2038 1034 2098 Platonem
1105 2039 1515 2111 Xenocraten,
1590 2057 1734 2097 num
1804 2050 2021 2116 postea
2098 2040 2408 2098 Zenonem

500 2136 860 2210 Cleanthen,
908 2129 1012 2196 aut
1057 2147 1214 2209 eum,
1257 2155 1438 2214 quem
1485 2156 1595 2197 vos
1650 2136 1832 2196 etiam
1873 2137 2110 2198 vidistis
2152 2139 2407 2210 Romae,

503 2234 824 2312 Diogenen
885 2233 1153 2294 Stoicum
1205 2234 1406 2311 coegit
1452 2233 1513 2292 in
1564 2234 1689 2294 suis
1746 2235 1962 2294 studiis
2006 2235 2411 2295 obmutiscere

499 2334 822 2391 senectus?
933 2334 1030 2390 An
1088 2331 1150 2389 in
1208 2331 1491 2391 omnibus
1549 2332 1884 2391 studiorum
1942 2332 2194 2411 agitatio
2250 2332 2411 2393 vitae

395 2448 471 2502 24
499 2427 773 2505 aequalis
816 2427 978 2488 fuit?
1070 2430 1213 2506 Age,
1253 2437 1318 2487 ut
1368 2428 1486 2487 ista
1536 2428 1743 2488 divina
1792 2430 1997 2489 studia
2040 2429 2408 2502 omittamuS,

498 2544 746 2604 possum
798 2525 1112 2584 nominare
1160 2520 1235 2584 ex
1285 2543 1432 2603 agro
1485 2526 1715 2586 Sabino
1768 2526 2027 2587 rusticos
2075 2528 2408 2600 RomanoS,

497 2623 730 2683 vicinos
760 2633 821 2683 et
848 2621 1162 2682 familiaris
1192 2639 1379 2695 meoS‚
1414 2623 1634 2699 quibus
1678 2623 2034 2684 absentibus
2077 2641 2411 2700 numquam

496 2722 625 2795 fere
667 2718 793 2778 ulla
835 2719 896 2777 in
943 2737 1087 2795 agro
1124 2719 1355 2778 maiora
1383 2739 1572 2797 opera
1600 2721 1769 2793 fiunt,
1802 2740 1924 2780 non
1957 2720 2251 2793 serendis,
2285 2740 2411 2780 non
2468 2751 2473 2755 ·

497 2815 924 2895 percipiendiS,
957 2835 1080 2874 non
1123 2817 1463 2876 condendis
1506 2818 1823 2878 fructibus·
1912 2818 2301 2894 Quamquam
2346 2817 2409 2876 in

499 2914 633 2973 aliis
676 2913 874 2971 minus
918 2913 1034 2972 hoc
1077 2911 1293 2971 mirum
1339 2923 1452 2984 est,
1482 2933 1663 2974 nemo
1706 2914 1865 2974 enim
1911 2924 2005 2974 est
2048 2924 2172 2974 tam
2219 2932 2411 2974 senex

498 3010 603 3089 qui
632 3027 699 3069 se
729 3027 953 3067 annum
985 3029 1109 3068 non
1140 3019 1314 3087 putet
1343 3029 1528 3088 posse
1556 3011 1756 3071 vivere
1783 3033 1800 3086 3
1853 3012 1962 3071 sed
2006 3012 2168 3071 idem
2211 3009 2274 3069 in
2318 3011 2410 3072 eis

501 3108 836 3181 elaborant,
868 3125 1027 3185 quae
1058 3107 1257 3168 sciunt
1288 3109 1438 3167 nihil
1469 3110 1546 3168 ad
1579 3128 1645 3169 se
1674 3109 1923 3169 omnino
1953 3098 2257 3187 pertinere
2283 3131 2298 3169 ε

754 3264 900 3322 serit
922 3265 1174 3337 arbores,
1207 3283 1357 3341 quae
1384 3265 1565 3323 alteri
1586 3267 1765 3323 saeclo
1778 3266 2033 3341 prosint,

402 3434 466 3495 25
499 3425 566 3475 ut
604 3414 689 3476 ait
729 3416 957 3476 Statius
994 3425 1203 3482 noster
1241 3416 1302 3474 in
1346 3416 1744 3494 Synephebis.
1831 3418 1965 3476 Nec
1992 3434 2137 3475 vero
2166 3415 2410 3476 dubitat

500 3512 781 3591 agricola,
813 3510 1089 3588 quamvis
1132 3512 1209 3570 sit
1251 3531 1457 3584 senex,
1490 3512 1804 3589 quaerenti
1842 3511 1937 3572 cui
1968 3521 2131 3572 serat
2159 3529 2407 3588 respon-
