2788 3999
460 294 546 347 10
1165 298 1515 353 LAELIUS
2087 294 2258 369 [VII.
2291 312 2356 367 23

445 464 913 529 commoditates
943 467 1207 528 amicitia
1235 468 1565 541 contineat,
1590 477 1719 528 tum
1748 465 1855 527 illa
1881 465 2160 528 nimirum
2189 487 2354 547 prae-

445 572 570 626 stat
598 562 898 637 omnibus,
931 565 1097 641 quod
1126 566 1351 625 bonam
1382 583 1554 643 spem
1593 564 1907 642 praelucet
1933 565 1997 624 in
2024 575 2351 643 posterum,

446 681 561 723 nec
589 659 893 721 debilitari
921 661 1158 721 animos
1186 672 1291 721 aut
1318 663 1538 722 cadere
1575 662 1822 741 patitur.
1876 698 1879 701 ⁴
1906 662 2131 720 Verum
2172 662 2354 721 etiam

445 758 705 820 amicum
736 758 841 837 qui
886 758 1170 831 intuetur,
1199 769 1511 836 tamquam
1553 759 1864 836 exemplar
1890 758 2139 836 aliquod
2168 758 2357 820 intue-

445 866 542 917 tur
570 857 682 918 sui.
767 855 1075 931 Quocirca
1113 865 1174 915 et
1214 857 1501 916 absentes
1540 856 1766 915 adsunt
1794 864 1856 915 et
1884 866 2134 933 egentes
2173 856 2358 916 abun·

442 954 596 1015 dant
639 964 702 1015 et
745 953 1033 1015 imbecilli
1079 954 1287 1013 valent
1330 963 1411 1027 et,
1458 952 1625 1031 quod
1675 951 1978 1012 difficilius
2026 951 2192 1012 dictu
2242 964 2354 1028 est,

442 1052 664 1112 mortui
708 1052 955 1127 vivunt,
1012 1060 1220 1111 tantus
1259 1069 1368 1111 eos
1407 1050 1606 1111 honos
1644 1049 1937 1109 memoria
1984 1048 2354 1111 desiderium

441 1149 827 1228 prosequitur
855 1149 1205 1221 amicorum,
1237 1165 1313 1207 ex
1343 1166 1466 1224 quo
1495 1146 1735 1207 illorum
1779 1148 1961 1207 beata
2002 1165 2165 1207 mors
2194 1147 2356 1206 vide·

374 1272 378 1276 <
443 1255 557 1321 tur,
589 1248 803 1307 horum
832 1247 958 1307 vita
984 1244 1329 1306 laudabilis.
1415 1244 1601 1319 Quod
1630 1245 1682 1306 si
1711 1245 2007 1305 exemeris
2040 1262 2117 1304 ex
2152 1262 2351 1304 rerum

443 1353 660 1404 natura
711 1344 1177 1405 benevolentiae
1234 1341 1748 1417 coniunctionem,
1799 1360 1914 1402 nec
1962 1342 2179 1402 domus
2228 1342 2355 1404 ulla

442 1459 557 1502 nec
579 1442 725 1502 urbs
748 1452 909 1503 stare
931 1441 1172 1519 poterit,
1198 1459 1275 1499 ne
1300 1440 1429 1518 agri
1450 1440 1697 1518 quidem
1725 1440 1925 1500 cultus
1952 1440 2352 1517 permanebit.

442 1536 518 1600 Id
553 1538 606 1599 si
644 1538 843 1599 minus
881 1538 1269 1617 intellegitur,
1310 1547 1542 1615 quanta
1571 1537 1663 1598 vis
1702 1537 2004 1597 amicitiae
2042 1538 2353 1597 concordi·

440 1654 637 1714 aeque
687 1636 783 1711 sit,
835 1655 911 1696 ex
965 1634 1470 1708 dissensionibus
1508 1644 1694 1712 atque
1751 1634 2073 1694 discordiis
2121 1634 2352 1711 percipi

440 1743 663 1811 potest.
748 1733 925 1808 Quae
954 1732 1114 1792 enim
1147 1733 1367 1792 domus
1397 1741 1520 1790 tam
1550 1731 1804 1804 stabilis,
1837 1749 1994 1809 quae
2023 1740 2147 1791 tam
2175 1732 2352 1793 firma

441 1830 653 1890 civitas
695 1840 806 1904 est,
840 1849 997 1908 quae
1044 1849 1167 1890 non
1214 1829 1371 1890 odiis
1417 1838 1480 1889 et
1523 1827 1796 1888 discidiis
1834 1828 2108 1888 funditus
2158 1829 2351 1906 possit

441 1927 673 1988 everti?
757 1928 851 1987 Ex
884 1947 1024 2006 qu0,
1056 1936 1348 2006 quantum
1383 1925 1531 1986 boni
1568 1924 1647 1985 sit
1684 1923 1746 1983 in
1785 1924 2065 1998 amicitia,
2098 1924 2351 1987 iudicari

336 2044 414 2101 24
439 2036 661 2104 potest.
736 2026 1207 2105 Agrigentinum
1240 2025 1484 2103 quidem
1526 2023 1775 2084 doctum
1819 2022 2125 2100 quendam
2156 2023 2349 2084 virum

439 2124 811 2185 carminibus
854 2124 1109 2187 Graecis
1151 2123 1545 2183 vaticinatum
1586 2122 1810 2195 ferunt,
1846 2139 2002 2198 quae
2045 2119 2105 2179 in
2151 2138 2347 2181 rerum

441 2231 658 2281 natura
686 2232 939 2301 totoque
970 2221 1198 2280 mundo
1233 2229 1586 2280 constarent
1627 2236 1907 2297 quaeque
1945 2230 2350 2289 moverentur,

441 2338 517 2379 ea
549 2321 907 2380 contrahere
947 2318 1288 2392 amicitiam,
1329 2317 1626 2395 dissipare
1665 2301 2055 2376 discordiam.
2141 2317 2348 2394 Atque

439 2417 559 2478 hoc
581 2417 826 2495 quidem
850 2434 1063 2476 ornnes
1088 2417 1374 2475 mortales
1397 2423 1459 2474 et
1488 2412 1850 2492 intellegunt
1878 2422 1939 2473 et
1969 2431 2032 2473 re
2061 2416 2346 2491 probant.

443 2517 678 2592 Itaque,
709 2514 761 2573 si
789 2513 1039 2591 quando
1068 2512 1317 2590 aliquod
1346 2511 1609 2572 officium
1638 2510 1869 2572 exstitit
1897 2511 2074 2571 amici
2104 2510 2166 2571 in
2197 2513 2350 2590 peri·

437 2610 592 2672 culis
620 2620 725 2671 aut
762 2610 1061 2670 adeundis
1105 2619 1209 2669 aut
1249 2608 1788 2681 communicandis,
1821 2609 1956 2686 quis
1999 2619 2094 2670 est
2136 2610 2240 2688 qui
2284 2610 2347 2671 id

439 2727 565 2768 non
594 2707 871 2768 maximis
893 2708 1106 2768 efferat
1130 2706 1455 2766 laudibus?
1539 2705 1663 2780 Qui
1685 2706 1983 2766 clamores
2006 2715 2136 2766 tota
2158 2726 2348 2768 cavea

439 2823 633 2883 nuper
659 2804 721 2864 in
752 2804 1008 2882 hospitis
1038 2813 1101 2864 et
1138 2802 1313 2863 amici
1360 2803 1479 2864 mei
1525 2806 1614 2864 Μ.
1646 2804 1873 2864 Pacuvi
1912 2823 2072 2864 nova
2113 2804 2342 2881 fabula,

435 2919 575 2962 cum
604 2902 920 2980 ignorante
948 2918 1088 2979 rege
1118 2909 1253 2960 uter
1282 2900 1537 2961 Orestes
1566 2911 1744 2974 esset,
1772 2900 2034 2979 Pylades
2059 2901 2343 2964 Orestem

436 3019 505 3061 se
534 3018 670 3060 esse
699 2999 944 3073 diceret,
975 3008 1042 3059 ut
1068 3019 1181 3077 pro
1209 2999 1316 3059 illo
1347 3009 1683 3072 necaretur,
1717 2998 1970 3060 Orestes
2009 3010 2229 3074 autem,
2260 3000 2347 3062 ita

435 3108 505 3159 ut
533 3107 678 3171 erat,
710 3096 989 3157 Orestem
1019 3116 1086 3158 se
1115 3115 1251 3157 esse
1278 3099 1732 3174 perseveraret!
1820 3098 2064 3158 Stantes
2098 3098 2346 3175 plaude·

434 3194 586 3255 bant
607 3194 669 3254 in
697 3213 761 3254 re
782 3195 961 3255 ficta:
1004 3196 1149 3273 quid
1174 3194 1533 3254 arbitramur
1560 3192 1623 3252 in
1646 3211 1790 3253 vera
1815 3194 2085 3255 facturos
2111 3195 2344 3257 fuisse?

441 3291 645 3353 Facile
691 3291 1001 3352 indicabat
1042 3292 1178 3370 ipsa
1225 3300 1445 3351 natura
1471 3289 1592 3351 vim
1638 3310 1829 3365 suam,
1861 3310 2000 3351 cum
2045 3291 2337 3368 homines»,

437 3391 605 3468 quod
648 3392 850 3450 facere
894 3389 1013 3467 ipsi
1054 3409 1179 3450 non
1219 3398 1496 3470 possent,
1541 3386 1606 3449 id
1649 3399 1815 3450 recte
1857 3388 1989 3451 fieri
2035 3388 2101 3452 in
2148 3389 2340 3453 altero

439 3486 792 3547 iudicarent.
