2788 3999
380 343 504 398 xx.
533 341 630 415 72]
985 342 1097 395 DE
1150 342 1664 397 SENECTUTE.
2191 347 2279 415 29

322 505 334 514 ”
374 511 496 570 Sed
543 510 689 570 mihi
734 529 812 571 ne
856 509 1205 570 diuturnum
1253 510 1500 588 quidem
1547 511 1871 590 quicquam
1909 511 2166 589 videtur,
2213 513 2277 575 in

370 624 496 683 quo
538 617 633 665 est
676 606 905 684 aliquid
940 616 1274 665 extremum
1296 628 1315 681 3
1370 625 1509 666 cum
1538 607 1700 665 enim
1743 608 1806 668 id
1849 610 2114 683 advenit,
2147 620 2274 670 tum

366 702 541 776 illud,
585 705 751 783 quod
801 704 1130 781 praeteriit,
1173 704 1441 779 effluxit3
1500 714 1737 766 tantum
1786 717 2078 781 remanet,
2109 709 2276 785 quod

366 800 588 861 virtute
632 812 694 861 et
736 811 899 861 recte
936 801 1115 862 factis
1160 813 1528 863 consecutus
1578 804 1678 863 sis,
1766 806 1978 864 Horae
2029 805 2275 884 quidem

367 900 597 960 cedunt
626 909 688 958 et
716 899 846 958 dies
876 909 937 958 et
967 917 1209 959 menses
1238 911 1300 959 et
1338 900 1501 974 anni,
1535 920 1649 961 nec
1691 903 2084 979 praeteritum
2129 913 2276 964 tem-

367 1017 482 1076 pus
527 1016 813 1074 umquam
857 997 1176 1056 revertitur
1203 1015 1317 1057 nec
1346 998 1493 1075 quid
1536 1011 1828 1077 sequatur
1869 1000 2009 1060 sciri
2051 1011 2271 1078 potest.

369 1095 555 1170 Quod
585 1095 803 1172 cuique
832 1094 1122 1172 temporis
1153 1094 1230 1153 ad
1250 1095 1576 1155 vivendum
1606 1097 1801 1171 datur,
1824 1117 1900 1158 eo
1929 1099 2116 1160 debet
2138 1119 2274 1160 esse

367 1202 712 1252 contentus.
772 1194 990 1270 Neque
1020 1192 1180 1251 enim
1210 1193 1508 1267 histrioni,
1540 1204 1606 1253 ut
1633 1195 1892 1272 placeat,
1922 1199 2274 1276 peragenda
2306 1217 2376 1278 70

365 1290 578 1350 fabula
621 1299 729 1359 est,
775 1290 959 1348 modo
1009 1290 1070 1348 in
1123 1308 1488 1368 quocunque
1535 1292 1719 1351 fuerit
1764 1303 1903 1352 actu
1948 1295 2277 1372 probetur3

367 1407 566 1467 neque
601 1387 978 1467 sapientibus
1021 1406 1213 1468 usque
1257 1388 1336 1448 ad
1381 1388 1685 1468 ‘plaudite
1707 1391 1721 1417 '
1751 1389 2118 1451 veniendum
2161 1403 2273 1467 est,

364 1491 548 1550 breve
598 1492 759 1549 enim
805 1501 1044 1569 tempus
1091 1492 1308 1551 aetatis
1352 1493 1504 1558 satis
1550 1493 1795 1569 longum
1843 1501 1938 1551 est
1988 1492 2066 1551 ad
2114 1493 2274 1561 bene

364 1589 743 1667 honesteque
798 1590 1165 1665 vivendum3
1233 1590 1326 1650 sin
1392 1590 1758 1668 processerit
1822 1590 2081 1670 longius,
2148 1609 2272 1652 non

364 1687 558 1766 magis
600 1688 933 1748 dolendum
968 1699 1082 1760 est,
1122 1708 1304 1766 quam
1348 1689 1650 1767 agricolae
1694 1688 1905 1748 dolent
1946 1688 2273 1766 praeterita

364 1784 530 1843 verni
555 1785 843 1862 temporis
867 1786 1166 1845 suavitate
1190 1796 1482 1846 aestatem
1509 1798 1989 1863 autumnumque
2012 1788 2269 1848 venisse.

363 1882 490 1941 Ver
532 1882 692 1942 enim
727 1893 1035 1961 tamquam
1082 1883 1500 1944 adulescentia
1536 1884 1837 1962 significat
1878 1884 2271 1962 ostenditque

363 1979 595 2041 fructus
650 1981 922 2056 futuros;
989 1981 1223 2059 reliqua
1285 1992 1485 2042 autem
1550 1995 1827 2059 tempora
1888 1982 2270 2043 demetendis

365 2077 656 2138 fructibus
705 2088 766 2137 et
808 2078 1217 2156 percipiendis
1263 2080 1724 2139 accommodata
1770 2090 1929 2139 sunt.
2014 2081 2270 2139 Fructus
2303 2098 2366 2159 71

365 2185 565 2234 autem
596 2177 925 2236 senectutis
954 2187 1064 2250 est,
1096 2186 1163 2235 ut
1191 2195 1377 2253 saepe
1407 2176 1547 2249 dixi,
1574 2189 1714 2236 ante
1744 2187 2054 2255 partorum
2083 2178 2272 2238 bono-

362 2292 492 2331 rum
526 2273 814 2333 memoria
842 2285 904 2334 et
931 2274 1126 2351 copia.
1210 2274 1438 2333 Omnia
1480 2284 1701 2345 autem,
1733 2293 1889 2352 quae
1932 2275 2268 2335 secundum

365 2379 639 2429 naturam
668 2371 838 2445 fiunt,
870 2381 1013 2431 sunt
1053 2372 1340 2431 habenda
1381 2369 1444 2429 in
1486 2371 1705 2446 bonis;
1759 2372 1904 2450 quid
1940 2382 2034 2431 est
2063 2383 2266 2432 autem

362 2476 486 2525 tam
539 2466 874 2526 secundum
926 2477 1202 2527 naturam
1250 2487 1434 2544 quam
1480 2468 1729 2528 senibus
1774 2469 2000 2529 emori?
2083 2468 2269 2545 Quod

362 2562 523 2623 idem
554 2565 862 2643 contingit·
880 2565 1375 2624 adulescentibus
1406 2564 1768 2625 adversante
1797 2575 1860 2624 et
1887 2577 2266 2644 repugnante

362 2670 594 2720 natura.
682 2663 901 2738 Itaque
931 2663 1357 2721 adulescentes
1400 2662 1545 2721 mihi
1574 2662 1726 2721 mori
1757 2663 1845 2722 sic
1872 2663 2169 2737 videntur,
2201 2674 2270 2725 ut

360 2777 497 2817 cum
545 2777 740 2835 aquae
783 2759 1166 2818 multitudine
1210 2758 1493 2818 flammae
1535 2760 1627 2817 vis
1669 2760 2043 2837 opprimitur,
2086 2779 2267 2821 senes

361 2866 564 2914 autem
610 2855 715 2929 sic,
759 2866 826 2915 ut
867 2848 1002 2914 cu'm
1050 2876 1161 2915 sua
1206 2867 1443 2934 sponte,
1492 2857 1658 2917 nulla
1704 2858 1977 2918 adhibita
2013 2857 2096 2939 vi,
2129 2877 2268 2918 con-

359 2963 638 3030 sumptus
668 2952 824 3031 ignis
854 2953 1271 3031 exstinguitur,
1303 2964 1359 3013 et
1394 2955 1568 3031 quasi
1599 2974 1782 3032 poma
1816 2974 1891 3014 ex
1928 2955 2263 3036 arboribus,

359 3052 550 3110 cruda
593 3049 646 3110 si
691 3061 849 3123 sunt,
896 3050 995 3109 vix
1043 3051 1400 3124 evelluntur,
1450 3052 1500 3111 si
1552 3063 1787 3111 matura
1837 3062 1898 3111 et
1945 3063 2137 3124 cocta,
2188 3053 2290 3111 de-

359 3147 587 3221 cidunt,
651 3148 740 3208 sic
793 3148 979 3207 vitam
1043 3149 1536 3210 adulescentibus
1591 3151 1682 3209 vis
1744 3151 1959 3222 aufert,
2016 3150 2265 3210 senibus

360 3244 716 3318 maturitas3
769 3265 924 3322 quae
961 3245 1206 3323 quidem
1248 3246 1393 3305 mihi
1424 3257 1546 3305 tam
1579 3247 1844 3307 iucunda
1884 3257 1995 3319 est,
2026 3257 2109 3320 ut,
2142 3266 2264 3324 quo

359 3341 609 3418 propius
639 3341 717 3400 ad
749 3352 1002 3401 mortem
1034 3343 1339 3416 accedam,
1373 3344 1546 3420 quasi
1577 3357 1792 3402 terram
1823 3343 2030 3404 videre
2058 3343 2268 3403 videar

361 3438 816 3515 aliquandoque
847 3439 909 3498 in
937 3450 1178 3517 portum
1209 3460 1284 3499 ex
1314 3441 1497 3519 longa
1537 3441 1922 3519 navigatione
1962 3460 2099 3500 esse
2128 3460 2268 3500 ven·

359 3544 552 3595 turus·
634 3536 778 3595 XX.
838 3538 1181 3598 Senectutis
1220 3548 1423 3598 autem
1464 3539 1664 3601 nullus
1702 3550 1794 3602 est
1829 3549 2030 3603 certus
2072 3537 2264 3604 termi·
2297 3554 2367 3619 72
