2788 3999
496 319 580 397 36
1258 332 1603 387 LAEmUs
2042 330 2289 400 [xxvi.
2316 343 2385 400 97

491 503 671 563 rebus
726 503 883 563 fictis
939 513 1002 563 et
1058 502 1431 562 adumbratis
1481 501 1598 561 loci
1653 501 1973 578 plurimum
2022 510 2135 573 est,
2182 511 2386 561 tamer.

490 619 699 660 verum
725 601 902 673 valet,
934 601 986 659 si
1029 600 1212 659 modo
1255 600 1317 659 id
1360 601 1730 677 patefactum
1775 610 1836 658 et
1879 599 2238 661 illustratum
2276 611 2386 673 est,

493 697 640 775 quid
669 697 729 756 in
759 697 1022 757 amicitia
1050 697 1181 757 fieri
1209 705 1468 773 oportet,
1500 714 1656 774 quae
1687 706 1817 755 tota
1844 695 2096 755 veritate
2139 716 2390 774 perpen-

493 795 696 854 ditur?
781 796 854 855 In
899 814 1021 871 qua
1070 794 1202 865 nisi,
1233 803 1300 853 ut
1342 793 1576 866 dicitur,
1610 803 1883 869 apertum
1929 804 2143 870 pectus
2179 794 2390 854 videas

492 901 785 970 tuumque
813 891 1123 962 ostendaS,
1145 890 1292 949 nihil
1323 890 1531 963 fidum,
1554 890 1700 949 nihil
1731 891 2108 967 exploratum
2140 892 2387 965 habeaS,

496 1006 572 1047 ne
623 1007 825 1047 amare
872 988 1116 1064 quidem
1158 998 1261 1046 aut
1307 988 1513 1061 amari,
1562 1007 1696 1047 cum
1750 988 1812 1046 id
1863 1008 2043 1067 quarn
2096 1008 2236 1048 vere
2285 989 2393 1048 fiat

494 1087 752 1163 ignores,
812 1085 1195 1163 Quamquam
1228 1086 1353 1144 ista’
1376 1084 1728 1158 assentatio,
1749 1086 2023 1162 quamvis
2052 1085 2394 1163 perniciosa

494 1184 589 1256 sit,
622 1201 842 1241 nocere
872 1192 1075 1241 tamen
1106 1182 1331 1241 nemini
1375 1191 1579 1259 potest
1609 1182 1724 1242 nisi
1753 1183 1826 1257 ei,
1859 1184 1962 1261 qui
2004 1203 2140 1243 eam
2182 1184 2394 1262 recipit

495 1292 676 1358 atque
706 1300 782 1340 ea
811 1281 1164 1340 delectatur.
1252 1283 1350 1339 Ita
1391 1280 1460 1340 fit
1502 1289 1569 1339 ut
1612 1281 1663 1339 is
1706 1282 2186 1342 assentatoribus
2230 1292 2394 1360 pate-

494 1377 677 1436 faciat
706 1378 867 1437 auris
897 1396 1040 1437 suas
1083 1377 1359 1449 maxime,
1390 1376 1495 1455 qui
1537 1378 1667 1454 ipse
1710 1380 1825 1439 sibi
1870 1390 2210 1439 assentetur
2238 1390 2300 1439 et
2328 1399 2392 1439 se

392 1478 463 1549 98
497 1475 754 1534 maxime
798 1475 928 1551 ipse
971 1466 1250 1534 delectet.
1335 1474 1604 1534 Omnino
1648 1486 1742 1536 est
1784 1496 1996 1535 amans
2038 1476 2131 1535 sui
2167 1477 2397 1551 virtus3

497 1572 724 1648 optime
755 1571 912 1630 enim
945 1589 1011 1630 se
1042 1569 1175 1647 ipsa
1219 1571 1386 1630 novit
1432 1590 1733 1649 quamque
1778 1573 2057 1632 amabilis
2101 1572 2178 1631 sit
2220 1572 2394 1631 intel·

497 1670 681 1746 legit:
739 1687 853 1746 ego
897 1678 1098 1726 autem
1144 1687 1265 1725 non
1311 1669 1388 1728 de
1430 1669 1649 1728 virtute
1694 1689 1855 1728 nunc
1899 1670 2131 1746 loquor,
2164 1670 2273 1728 sed
2316 1669 2393 1728 de

495 1766 731 1825 virtutis
776 1765 1081 1841 opinione.
1188 1766 1429 1825 Virtute
1479 1766 1638 1824 enim
1698 1766 1831 1843 ipsa
1879 1785 2003 1824 non
2049 1775 2173 1825 tam
2223 1765 2396 1824 multi

497 1863 753 1940 praediti
783 1881 918 1921 esse
951 1881 1133 1939 quam
1163 1863 1353 1922 videri
1382 1865 1611 1923 volunt.
1700 1866 1839 1923 Hos
1883 1863 2148 1923 delectat
2191 1882 2397 1923 assen-

498 1961 665 2032 tati0,
715 1960 810 2019 his
866 1959 1044 2020 fictus
1102 1961 1180 2020 ad
1237 1961 1503 2039 ipsorum
1559 1962 1933 2021 voluntatem
1994 1980 2193 2022 sermo
2257 1979 2394 2021 cum

500 2058 837 2131 adhibetur,
896 2058 1230 2119 orationem
1287 2060 1451 2118 illam
1507 2078 1724 2118 vanam
1784 2059 2195 2118 testimonium
2259 2077 2395 2118 esse

497 2155 743 2213 laudum
782 2174 1025 2214 suarum
1070 2165 1302 2232 putant.
1390 2157 1577 2215 Nulla
1606 2167 1699 2215 est
1727 2157 1906 2234 igitur
1934 2158 2086 2216 haec
2114 2155 2392 2229 amicitia,

497 2272 632 2312 cum
664 2253 817 2311 alter
846 2272 1054 2312 verum
1098 2253 1303 2311 audire
1336 2272 1455 2311 non
1488 2255 1630 2324 volt,
1662 2255 1815 2312 alter
1857 2254 1936 2312 ad
1981 2252 2395 2311 mentiendum

497 2361 744 2429 paratus
774 2362 886 2412 est.
976 2354 1034 2410 N
1039 2369 1109 2409 ec
1137 2350 1537 2428 parasitorum
1581 2350 1642 2407 in
1685 2349 2018 2411 comoediis
2062 2349 2395 2408 assentatio

494 2451 698 2510 faceta
727 2450 904 2508 nobis
932 2449 1253 2518 videretur,
1286 2447 1403 2506 nisi
1432 2458 1638 2506 essent
1664 2447 1885 2505 milites
1912 2446 2181 2525 gloriosi.

707 2603 971 2677 Magnas
999 2621 1131 2660 vero
1158 2620 1325 2676 agere
1341 2600 1576 2675 gratias
1610 2600 1794 2657 Thais
1821 2598 2012 2656 mihi?

502 2756 662 2815 Satis
686 2763 816 2814 erat
838 2755 1207 2830 respondere
1235 2752 1557 2830 ‘magnas.'
1610 2750 1951 2828 ‘IngentiS,’
1971 2749 2183 2827 inquit.
2241 2750 2399 2812 Sem-

501 2872 608 2929 per
650 2862 831 2930 auget
874 2861 1217 2910 assentator
1260 2851 1338 2922 id,
1375 2848 1542 2926 quod
1586 2848 1654 2921 is,
1687 2848 1859 2907 cuius
1903 2849 1982 2907 ad
2024 2847 2397 2908 voluntatem

395 2971 468 3027 99
501 2950 735 3022 dicitur,
767 2949 893 3007 volt
922 2966 1056 3007 esse
1096 2967 1399 3025 magnum.
1486 2947 1685 3021 Quam
1731 2946 1811 3004 ob
1854 2963 1997 3017 rem,
2030 2963 2398 3021 quamquam

502 3047 729 3106 blanda
758 3046 874 3105 ista
902 3045 1139 3103 vanitas
1170 3045 1332 3120 apud
1364 3063 1471 3103 eos
1500 3044 1679 3115 valet,
1712 3043 1814 3120 qui
1854 3042 1969 3119 ipsi
2011 3042 2172 3102 illam
2206 3043 2403 3101 adlec-

501 3153 635 3201 tant
664 3152 725 3202 et
754 3142 1027 3213 invitant,
1054 3152 1256 3200 tamen
1287 3140 1468 3199 etiam
1498 3140 1805 3217 graviores
1835 3138 2402 3215 constantioresque

505 3238 874 3298 admonendi
917 3247 1074 3309 sunt,
1111 3248 1176 3296 ut
1219 3237 1705 3297 animadvertant
1749 3255 1825 3297 ne
1869 3235 2094 3296 callida
2137 3245 2403 3294 assenta-

505 3337 670 3396 tione
720 3335 1053 3411 capiantur.
1155 3336 1380 3409 Aperte
1440 3333 1600 3392 enim
1651 3334 1998 3394 adulantem
2049 3351 2230 3395 nemo
2281 3351 2403 3390 non

506 3434 689 3504 videt,
742 3432 855 3490 nisi
907 3430 1007 3506 qui
1060 3431 1384 3489 admodum
1434 3440 1527 3489 est
1577 3449 1823 3490 excors:
1894 3430 2151 3489 callidus
2199 3428 2299 3488 ille
2345 3439 2406 3487 et

506 3532 777 3590 occultus
822 3548 896 3587 ne
940 3547 1004 3586 se
1050 3529 1331 3599 insinuet,
1378 3528 1669 3589 studiose·
1692 3529 2030 3589 cavendum
2074 3537 2187 3589 est.
2273 3528 2414 3609 Nec!
