2788 3999
539 315 621 393 38
751 306 762 313 ’
989 308 998 312 ’
1262 321 1608 383 ιΑΕἰιυε
1974 328 2258 402 [xxvn.
2293 343 2384 382 101

526 498 777 558 caritate
809 497 1266 576 acquiescimus,
1291 509 1358 558 ut
1390 498 1452 556 in
1480 507 1697 571 vestra,
1721 508 1789 559 ut
1817 499 1878 558 in
1909 499 1986 574 Q.
2010 499 2354 559 Tuberonis
2374 522 2392 575 3

526 593 809 670 equidem
858 594 1041 653 etiam
1092 593 1423 652 admodum
1474 593 1886 654 adulescentis
1936 595 2004 654 P.
2055 593 2263 666 Rutili,
2312 597 2386 653 A.

525 687 776 765 Vergini
813 687 1221 747 familiaritate
1264 688 1554 747 delector.
1638 687 2064 766 Quoniamque
2107 689 2193 748 ita
2235 689 2389 748 ratio

523 794 875 862 comparata
912 794 1004 844 est
1032 783 1191 842 vitae
1237 794 1611 862 naturaeque
1656 795 1917 857 nostrae,
1950 794 2018 844 ut
2057 784 2177 842 alia
2217 794 2386 844 aetas

523 881 765 954 oriatur,
798 882 1055 942 maxime
1086 881 1331 960 quidem
1362 882 1697 960 optandum
1727 892 1821 941 est
1848 892 1915 942 ut
1943 899 2081 940 cum
2125 882 2386 959 aequali-

521 978 636 1038 bus
677 979 895 1056 possiS,
928 979 1286 1056 quibuscum
1335 980 1645 1056 tamquam
1674 997 1708 1038 e
1739 978 2083 1039 carceribus
2127 980 2384 1038 emissus

383 1094 487 1134 roa
521 1075 622 1148 sis,
654 1093 790 1135 cum
828 1076 1017 1135 isdem
1065 1076 1143 1134 ad
1186 1076 1436 1148 calcem,
1467 1085 1535 1135 ut
1577 1076 1807 1150 dicitur,
1841 1077 2170 1155 pervenire.
2260 1077 2384 1138 Sed

522 1173 806 1250 quoniam
833 1193 929 1234 res
953 1175 1252 1233 humanae
1276 1174 1524 1252 fragiles
1546 1174 1934 1252 caducaeque
1964 1184 2122 1247 sunt,
2145 1166 2384 1251 semper

519 1270 706 1349 aliqui
737 1271 1096 1348 anquirendi
1126 1281 1268 1330 sunt
1297 1290 1454 1349 quos
1498 1271 1817 1349 diligamus
1846 1283 1907 1330 et
1938 1292 1974 1330 a
2001 1271 2221 1349 quibus
2251 1272 2380 1330 dili·

516 1385 763 1445 gamur:
827 1369 1078 1427 caritate
1113 1368 1275 1427 enim
1320 1368 1866 1445 benevolentiaque
1911 1368 2151 1429 sublata
2178 1368 2377 1428 omnis

517 1473 613 1524 est
656 1483 691 1524 e
735 1465 860 1524 vita
909 1465 1150 1525 sublata
1200 1466 1563 1526 iucunditas
1652 1465 1807 1525 Mihi
1856 1466 2101 1543 quidem
2156 1465 2376 1544 Scipio,

518 1580 884 1639 quamquam
920 1572 1014 1621 est
1042 1562 1242 1622 subito
1287 1573 1551 1639 ereptus,
1583 1562 1728 1622 vivit
1771 1572 1974 1622 tamen
2017 1581 2376 1641 semperque

514 1656 712 1719 vivet:
766 1658 1048 1718 virtutem
1086 1660 1246 1718 enim
1291 1660 1488 1718 amavi
1533 1660 1691 1720 illius
1726 1660 1855 1733 viri,
1885 1679 2041 1738 quae
2080 1660 2378 1721 exstincta

513 1775 636 1817 non
664 1768 774 1818 est.
864 1760 996 1818 Nec
1025 1758 1168 1818 mihi
1199 1759 1314 1818 soli
1343 1770 1620 1819 versatur
1648 1769 1789 1818 ante
1819 1760 2046 1832 oculos,
2078 1758 2181 1836 qui
2210 1759 2376 1819 illam

513 1876 754 1934 semper
781 1857 841 1917 in
874 1859 1153 1918 manibus
1184 1858 1387 1930 habui,
1422 1858 1531 1917 sed
1560 1858 1743 1918 etiam
1781 1857 2040 1934 posteris
2070 1857 2182 1917 erit
2211 1858 2375 1917 clara

512 1965 574 2016 et
597 1955 870 2036 insignis.
945 1958 1143 2018 Nemo
1176 1977 1460 2037 umquam
1492 1958 1694 2019 animo
1725 1968 1827 2017 aut
1857 1976 1965 2034 spe
1996 1956 2226 2018 maiora
2249 1975 2374 2017 sus-

510 2053 694 2130 cipiet
737 2054 840 2131 qui
886 2055 1001 2113 sibi
1042 2074 1166 2114 non
1211 2055 1370 2113 illius
1418 2055 1766 2114 memoriam
1814 2065 1996 2131 atque
2048 2054 2369 2131 imaginem

371 2164 479 2223 103
510 2149 967 2225 proponendam
1039 2159 1229 2226 putet.
1338 2150 1638 2227 Equidem
1694 2168 1771 2208 ex
1826 2149 2107 2208 omnibus
2169 2149 2370 2222 rebus,

510 2263 664 2322 quas
708 2247 851 2305 mihi
886 2257 989 2307 aut
1026 2250 1271 2307 fortuna
1311 2258 1414 2306 aut
1461 2257 1676 2306 natura
1719 2247 1942 2313 tribuit,
1975 2247 2122 2305 nihil
2174 2247 2371 2306 habeo

511 2343 677 2419 quod
725 2363 862 2403 cum
906 2346 1169 2404 amicitia
1213 2345 1514 2422 Scipionis
1559 2344 1785 2421 possim
1834 2362 2206 2422 comparare.
2295 2347 2368 2404 In

508 2440 625 2499 hac
653 2441 797 2499 mihi
828 2442 905 2501 de
935 2461 998 2501 re
1028 2442 1272 2520 publica
1309 2460 1663 2514 consensus,
1696 2441 1757 2499 in
1798 2441 1912 2500 hac
1955 2460 2150 2501 rerum
2180 2442 2369 2518 priva-

509 2545 702 2596 tarum
733 2539 1069 2611 consilium,
1102 2540 1161 2597 in
1192 2539 1406 2598 eadem
1443 2538 1682 2615 requies
1720 2540 1904 2616 plena
1945 2539 2368 2598 oblectationis

506 2633 640 2694 fuit.
726 2637 1070 2713 Numquam
1103 2637 1270 2695 illum
1312 2655 1389 2695 ne
1434 2635 1681 2695 minima
1720 2636 1961 2712 quidem
2008 2654 2071 2694 re
2115 2635 2364 2707 offendi,

508 2732 672 2808 quod
703 2732 944 2811 quidem
985 2733 1294 2806 senserim,
1330 2733 1475 2791 nihil
1519 2733 1720 2792 audivi
1771 2751 1846 2791 ex
1894 2751 1967 2790 eo
2018 2732 2148 2809 ipse
2199 2734 2365 2809 quod

508 2828 730 2887 nollem
750 2851 769 2905 3
821 2849 944 2888 una
993 2831 1212 2889 domus
1257 2839 1405 2903 erat,
1437 2830 1598 2888 idem
1644 2829 1840 2888 victus
1885 2829 2056 2907 isque
2102 2848 2365 2890 commu-

507 2925 618 2998 niS,
671 2944 864 3003 neque
915 2927 1111 2985 solum
1164 2927 1390 3001 militia,
1443 2927 1553 2987 sed
1606 2928 1787 2986 etiam
1844 2926 2363 3005 peregrinationes

366 3039 479 3095 104
505 3022 1050 3101 rusticationesque
1081 3043 1455 3084 communes,
1529 3025 1687 3083 Nam
1719 3024 1861 3101 quid
1893 3042 2008 3101 ego
2039 3023 2115 3081 de
2146 3023 2361 3084 studiis

505 3118 700 3178 dicam
745 3121 1156 3197 cognoscendi
1196 3139 1435 3197 semper
1477 3121 1705 3196 aliquid
1749 3130 1932 3198 atque
1971 3120 2265 3193 discendi,
2300 3120 2361 3180 in

504 3216 723 3293 quibus
753 3218 966 3276 remoti
1002 3218 1078 3276 ab
1118 3219 1310 3278 oculis
1348 3219 1557 3296 populi
1591 3236 1770 3277 omne
1814 3218 2074 3278 otiosum
2119 3228 2360 3296 tempus

504 3313 941 3374 contrivimus?
1024 3315 1296 3390 Quarum
1335 3336 1530 3376 rerum
1578 3316 1920 3377 recordatio
1964 3326 2027 3376 et
2067 3316 2359 3376 memoria

502 3409 551 3468 si
596 3428 719 3468 una
759 3428 894 3469 cum
940 3411 1045 3471 illo
1088 3415 1430 3487 occidisset,
1468 3414 1833 3474 desiderium
1876 3414 2357 3475 coniunctissimi

500 3516 681 3582 atque
713 3507 1106 3568 amantissimi
1137 3510 1246 3568 viri
1274 3511 1432 3567 ferre
1463 3510 1628 3568 nullo
1658 3509 1842 3568 modo
1877 3528 2141 3585 possem.
2230 3511 2354 3571 Sed
