2788 3999
420 963 493 1036 38

419 1758 494 1815 39

418 3120 492 3173 40

538 298 617 355 16
1297 309 1640 366 LAELIUS
2195 306 2331 379 [XI.
2364 323 2429 377 37

526 476 670 534 buit.
762 478 978 554 Itaque
1008 478 1125 538 hac
1155 479 1441 550 amentia,
1471 477 1831 554 quaestione
1861 497 2021 537 nova
2061 478 2431 555 perterritus,

525 572 587 631 in
637 573 850 632 Asiam
905 575 1188 651 profugit,
1242 574 1320 633 ad
1377 575 1572 634 hostis
1622 593 1688 634 se
1739 575 2015 647 contulit,
2066 594 2298 651 poenas
2346 574 2434 633 rei

524 669 806 747 publicae
855 671 1058 748 gravis
1115 671 1427 747 iustasque
1479 671 1786 749 persolvit.
1875 672 2062 730 Nulla
2112 682 2206 731 est
2255 671 2433 748 igitur

524 767 837 828 excusatio
867 768 1121 845 peccati,
1152 768 1203 826 si
1234 768 1412 827 amici
1451 787 1637 828 causa
1678 768 2062 846 peccaveris:
2108 787 2265 840 nam,
2295 788 2432 828 cum

526 864 904 925 conciliatrix
950 864 1250 923 amicitiae
1279 864 1519 924 virtutis
1564 865 1773 942 opinio
1818 864 2015 937 fuerit,
2068 865 2310 924 difficile
2341 874 2436 925 est

526 961 850 1021 amicitiam
895 980 1160 1034 manere,
1186 961 1237 1020 si
1282 981 1319 1020 a
1346 961 1567 1020 virtute
1612 961 1926 1021 defeceris,
2013 960 2197 1036 Quod
2233 962 2284 1021 si
2314 980 2437 1021 rec-

525 1070 650 1119 tum
698 1060 1087 1120 statuerimus
1137 1059 1232 1117 vel
1281 1045 1619 1118 concedere
1667 1060 1876 1118 amicis
1924 1059 2219 1136 quidquid
2247 1060 2436 1119 velint

524 1158 619 1216 vel
650 1157 974 1235 impetrare
1019 1156 1096 1216 ab
1132 1156 1220 1215 eis
1256 1155 1553 1232 quidquid
1585 1156 1856 1229 velimuS,
1888 1158 2161 1233 perfecta
2190 1157 2433 1234 quidem

526 1254 826 1331 sapientia
867 1254 919 1314 si
960 1254 1164 1326 simus,
1197 1253 1345 1311 nihil
1389 1253 1614 1312 habeat
1656 1272 1753 1313 res
1787 1254 1936 1327 viti3
1993 1255 2104 1313 sed
2134 1254 2436 1331 loquimur

526 1351 604 1410 de
634 1351 723 1410 eis
763 1350 989 1425 amiciS,
1022 1351 1126 1428 qui
1169 1361 1311 1410 ante
1354 1350 1568 1410 oculos
1611 1361 1769 1423 sunt,
1817 1370 1970 1426 quos
2013 1351 2289 1411 videmus
2332 1362 2435 1411 aut

525 1448 603 1507 de
639 1448 861 1526 quibus
907 1448 1256 1508 memoriam
1306 1447 1670 1524 accepimus,
1703 1466 1857 1523 quos
1910 1447 2076 1506 novit
2121 1448 2245 1506 vita
2278 1467 2437 1508 com-

527 1547 748 1605 munis,
836 1546 927 1604 Ex
970 1547 1087 1606 hoc
1133 1565 1382 1605 numero
1426 1544 1603 1604 nobis
1639 1544 1919 1621 exempla
1948 1545 2247 1613 sumenda
2274 1556 2433 1619 sunt,
2513 1549 2519 1556 ‘

525 1651 587 1701 et
632 1661 839 1702 eorum
890 1643 1131 1719 quidem
1181 1643 1458 1714 maxime,
1489 1642 1594 1720 qui
1639 1642 1716 1700 ad
1766 1641 2125 1717 sapientiam
2162 1643 2434 1719 proxime

527 1739 843 1799 accedunt.
928 1741 1224 1800 Videmus
1263 1742 1494 1817 Papum
1525 1738 1852 1797 Aemilium
1903 1739 1974 1799 C.
2029 1739 2297 1799 Luscino
2345 1741 2435 1798 fa·

525 1836 816 1895 miliarem
861 1838 1049 1897 fuisse
1076 1860 1088 1897 :
1133 1838 1220 1896 sic
1249 1857 1286 1896 a
1320 1837 1595 1915 patribus
1627 1835 1989 1913 accepimus,
2020 1835 2116 1894 bis
2146 1855 2270 1894 una
2297 1855 2435 1895 con-

527 1934 707 2007 suleS,
754 1935 1022 2013 collegas
1066 1935 1126 1993 in
1171 1953 1471 2010 censura;
1527 1943 1653 1992 tum
1698 1943 1759 1993 et
1801 1952 1935 1992 cum
1968 1932 2056 1992 eis
2092 1942 2154 1992 et
2184 1933 2340 1991 inter
2368 1952 2434 1992 se

525 2032 1055 2092 coniunctissimos
1103 2033 1292 2093 fuisse
1343 2034 1452 2091 Μ’.
1505 2032 1775 2103 Curium,
1828 2032 1923 2091 Ti.
1983 2031 2431 2092 Coruncanium

524 2130 849 2188 memoriae
900 2131 1205 2206 proditum
1254 2141 1365 2191 est.
1454 2130 1647 2208 Igitur
1704 2149 1781 2190 ne
1836 2129 2129 2206 suspicari
2187 2129 2433 2205 quidem

524 2245 847 2302 possumus
892 2247 1256 2305 quemquam
1310 2230 1524 2287 horum
1565 2229 1643 2286 ab
1695 2228 1890 2287 amico
1942 2227 2255 2305 quidpiam
2296 2247 2436 2287 con-

524 2324 812 2396 tendisse,
846 2324 1009 2400 quod
1039 2335 1254 2384 contra
1274 2325 1477 2398 fidem,
1503 2335 1715 2385 contra
1739 2326 1832 2384 ius
1854 2324 2192 2397 iurandum,
2219 2335 2435 2384 contra

523 2437 647 2478 rem
680 2421 982 2496 publicam
1012 2433 1191 2482 esset.
1281 2424 1442 2480 Nam
1471 2424 1590 2481 hoc
1625 2422 1871 2498 quidem
1916 2422 1975 2480 in
2021 2422 2247 2482 talibus
2289 2424 2433 2483 viris

523 2516 667 2592 quid
713 2517 930 2576 attinet
972 2519 1190 2591 dicere,
1237 2518 1288 2578 si
1332 2519 1752 2578 contendisset
1803 2520 2260 2597 impetraturum
2308 2542 2431 2582 non

520 2614 727 2687 fuisse,
760 2633 894 2673 cum
953 2615 1039 2673 illi
1096 2615 1462 2676 sanctissimi
1518 2616 1627 2674 viri
1683 2617 1925 2689 fuerint,
1986 2638 2178 2694 aeque
2230 2607 2431 2680 autem

522 2710 695 2770 nefas
725 2710 803 2769 sit
831 2712 951 2770 tale
975 2711 1200 2787 aliquid
1231 2722 1293 2771 et
1333 2713 1536 2771 facere
1581 2724 1856 2791 rogatum
1900 2725 1963 2775 et
2004 2719 2264 2795 rogare?
2325 2721 2433 2778 ‘At

519 2826 665 2868 vero
709 2808 805 2866 Ti.
847 2809 1190 2867 Gracchum
1235 2810 1651 2885 sequebantur
1681 2812 1754 2872 C.
1786 2812 2008 2887 Carb0,
2047 2814 2117 2874 C.
2163 2817 2338 2888 Cat0,
2371 2826 2432 2876 et

520 2905 768 2964 minime
823 2915 951 2964 tum
1020 2905 1265 2982 quidem
1321 2906 1513 2966 Gaius
1571 2909 1775 2984 frater,
1839 2929 1999 2970 nunc
2054 2911 2216 2971 idem
2273 2932 2459 2984 acer-‚

521 3003 722 3063 rimus·
840 3044 897 3079 χ,
1483 3068 1486 3069 ⁷

601 3101 753 3159 XII.
840 3102 1018 3160 Haec
1047 3100 1225 3178 igitur
1253 3101 1350 3160 lex
1381 3101 1442 3160 in
1474 3103 1738 3164 amicitia
1777 3105 2101 3178 sanciatur,
2133 3117 2201 3167 ut
2230 3127 2428 3187 neque

520 3216 800 3275 rogemus
831 3217 926 3258 res
970 3199 1162 3274 turpis
1207 3218 1319 3259 nec
1359 3201 1659 3262 faciamus
1701 3203 1914 3281 rogati.
2001 3206 2223 3282 Turpis
2266 3207 2428 3265 enim

521 3295 832 3354 excusatio
875 3305 970 3355 est
1010 3306 1072 3354 et
1114 3296 1361 3357 minime
1402 3299 1758 3377 accipienda
1787 3320 1923 3360 cum
1953 3302 2014 3360 in
2046 3303 2263 3363 ceteris
2292 3322 2428 3380 pec-

519 3391 689 3465 catiS,
721 3399 846 3450 tum
878 3392 928 3451 si
958 3392 1095 3468 quis
1138 3404 1353 3454 contra
1394 3415 1519 3454 rem
1565 3384 1869 3475 publicam
1913 3417 1979 3457 se
2023 3399 2201 3458 amici
2241 3406 2427 3460 c‘ausa

518 3486 738 3546 fecisse
795 3489 1076 3550 fateatur.
1162 3491 1406 3551 Etenim
1450 3512 1525 3552 eo
1575 3495 1728 3568 loco,
1774 3495 1970 3554 Fanni
2004 3506 2066 3556 et
2110 3497 2424 3572 Scaevola,
