2788 3999
371 314 448 369 x.
473 312 576 385 32]
1001 310 1114 368 DE
1163 311 1679 369 SENECTUTE.
2203 314 2283 383 13

370 483 624 545 effetum
667 500 892 561 corpus
935 483 1123 545 tradit
1167 484 1487 545 senectuti.
1581 484 1779 563 Cyrus
1823 481 2074 561 quidem
2118 484 2283 562 apud
2309 504 2389 565 30

370 582 849 658 Xenophontem
892 598 968 640 eo
1010 597 1310 652 sermone,
1343 598 1523 657 quem
1570 580 1839 640 moriens
1881 580 2112 655 habuit,
2142 600 2281 642 cum

367 678 700 739 admodum
729 695 921 738 senex
950 688 1131 747 esset,
1159 688 1343 755 negat
1371 696 1438 737 se
1462 696 1747 755 umquam
1779 678 2048 738 sensisse
2077 697 2286 739 senec·

367 786 559 836 tutem
610 794 783 836 suam
835 773 1291 858 imbecilliorem
1343 775 1568 833 factam
1624 793 1808 852 quam
1861 775 2280 835 adulescentia

365 873 602 933 fuisset.
688 874 819 951 Ego
863 874 932 932 L.
966 871 1285 931 Metellum
1330 872 1577 930 memini
1616 890 1784 949 puer,
1816 872 1936 949 qui,
1969 891 2105 933 cum
2136 891 2280 951 qua-

366 971 645 1030 driennio
702 982 845 1050 post
901 969 1157 1029 alterum
1209 969 1595 1029 consulatum
1654 970 1932 1048 pontifex
1981 970 2277 1031 maximus

364 1070 566 1129 factus
596 1079 776 1142 esset,
806 1067 1015 1147 viginti
1043 1079 1105 1126 et
1134 1068 1294 1126 duos
1316 1085 1513 1125 annos
1536 1065 1589 1125 ei
1621 1066 1968 1126 sacerdotio
1996 1066 2273 1145 praefuit,

365 1165 451 1224 ita
482 1166 660 1225 bonis
688 1184 825 1226 esse
853 1164 1080 1225 viribus
1124 1174 1397 1224 extremo
1441 1172 1716 1240 tempore
1758 1163 1994 1236 aetatis,
2026 1173 2093 1223 ut
2132 1164 2275 1224 adu-

365 1262 716 1344 lescentiam
759 1282 884 1322 non
924 1263 1272 1340 requireret.
1358 1260 1527 1320 Nihil
1573 1278 1826 1320 necesse
1868 1269 1966 1320 est
2007 1261 2154 1320 mihi
2194 1262 2274 1323 de

365 1378 462 1419 me
505 1359 638 1435 ipso
679 1359 900 1433 dicere,
935 1379 1304 1438 quamquam
1349 1371 1446 1419 est
1474 1358 1539 1418 id
1582 1358 1831 1435 quidem
1875 1357 2068 1418 senile
2114 1369 2274 1419 aeta·

300 1473 304 1478 ’
363 1457 532 1534 tique
562 1466 809 1516 nostrae
839 1458 1211 1517 conceditur.
1268 1458 1344 1516 X.
1377 1455 1718 1527 Videtisne,
1751 1464 1819 1514 ut
1846 1454 2011 1532 apud
2045 1456 2273 1516 Home·
2299 1476 2369 1535 31

362 1572 495 1612 rum
551 1552 907 1631 saepissime
967 1555 1194 1613 Nestor
1242 1553 1320 1612 de
1368 1551 1691 1613 virtutibus
1741 1550 1869 1611 suis
1918 1552 2274 1633 praedicet?

362 1650 634 1710 Tertiam
683 1650 846 1712 enim
897 1660 1160 1710 aetatem
1209 1651 1522 1710 hominum
1566 1648 1833 1722 videbat,
1881 1666 1996 1708 nec
2039 1660 2170 1710 erat
2211 1651 2268 1712 ei

360 1748 694 1807 verendum
724 1765 801 1807 ne
831 1766 977 1807 vera
999 1747 1364 1824 praedicans
1396 1748 1473 1807 de
1504 1765 1571 1808 se
1615 1747 1795 1806 nimis
1826 1746 2134 1807 videretur
2163 1759 2270 1811 aut

361 1843 633 1906 insolens
676 1854 780 1905 aut
822 1845 1067 1922 loquax.
1153 1846 1413 1918 Etenim,
1447 1855 1515 1905 ut
1554 1846 1637 1905 ait
1669 1847 1999 1918 HomeruS‚
2032 1862 2108 1904 ex
2135 1845 2268 1907 eius

361 1941 570 2021 lingua
590 1943 769 2004 melle
792 1942 1029 2003 dulcior
1056 1942 1285 2004 fluebat
1314 1943 1549 2019 oratio;
1589 1962 1772 2022 quam
1803 1943 1879 2003 ad
1904 1942 2266 2004 suavitatem

364 2039 543 2099 nullis
573 2041 793 2118 egebat
823 2040 1096 2118 corporis
1116 2040 1362 2101 viribus.
1454 2042 1532 2101 Et
1561 2051 1764 2101 tamen
1795 2042 1919 2102 dux
1949 2040 2049 2100 ille
2079 2041 2266 2101 Grae-

359 2137 491 2196 ciae
521 2155 819 2212 nusquam
851 2147 1024 2214 optat
1053 2147 1121 2197 ut
1153 2138 1359 2198 Aiacis
1390 2138 1603 2199 similis
1632 2139 1858 2199 habeat
1885 2139 2118 2213 decem,
2151 2141 2262 2201 sed

357 2242 424 2293 ut
476 2235 773 2307 Nestoris,
823 2234 989 2311 quod
1036 2235 1088 2294 si
1133 2235 1250 2294 sibi
1297 2235 1602 2310 acciderit,
1656 2256 1780 2296 non
1825 2237 2066 2298 dubitat
2116 2240 2264 2317 quin

357 2330 526 2389 brevi
568 2331 647 2390 sit
677 2331 863 2390 Troia
905 2331 1187 2409 peritura.
1275 2333 1400 2392 Sed
1430 2334 1616 2393 redeo
1649 2334 1728 2393 ad
1758 2352 1873 2393 me.
1960 2335 2261 2410 Quartum
2291 2358 2362 2416 32

356 2447 473 2506 ago
497 2446 722 2487 annum
746 2438 808 2488 et
831 2429 1301 2507 octogesimum:
1342 2430 1563 2490 vellem
1587 2430 1868 2508 equidem
1894 2433 2055 2494 idem
2079 2455 2262 2513 posse

352 2525 598 2603 gloriari
642 2526 810 2603 quod
854 2526 1067 2604 CyruS,
1100 2527 1210 2586 sed
1260 2536 1465 2587 tamen
1508 2528 1626 2588 hoc
1669 2548 1829 2607 queo
1872 2532 2092 2606 dicere,
2135 2554 2259 2593 non

353 2640 451 2681 me
502 2622 748 2699 quidem
803 2622 893 2682 eis
942 2641 1080 2683 esse
1130 2623 1377 2695 viribus,
1427 2623 1647 2701 quibus
1706 2638 1811 2688 aut
1868 2630 2041 2690 miles
2095 2629 2259 2691 bello

353 2718 583 2778 Punico
608 2730 712 2779 aut
735 2731 1024 2797 quaestor
1052 2721 1268 2780 eodem
1300 2723 1465 2782 bello
1486 2733 1591 2784 aut
1620 2727 1835 2787 consul
1867 2727 1928 2786 in
1956 2729 2261 2805 Hispania

349 2815 568 2875 fuerim
626 2825 730 2875 aut
787 2817 1188 2893 quadriennio
1243 2829 1401 2896 post,
1450 2840 1588 2881 cum
1647 2824 1925 2884 tribunus
1983 2826 2257 2886 militaris

349 2913 696 2991 depugnavi
739 2914 903 2990 apud
945 2915 1391 2994 Thermopylas
1442 2920 1552 2978 M'.
1583 2920 1916 2980 Glabrione
1966 2923 2259 2995 consule;

348 3011 460 3071 sed
490 3020 712 3084 tamen,
744 3022 811 3069 ut
840 3031 950 3071 vos
979 3011 1216 3087 videtis,
1249 3033 1374 3074 non
1405 3016 1587 3093 plane
1631 3036 1728 3076 me
1772 3019 2101 3091 enervavit,
2133 3039 2255 3078 non

347 3108 555 3168 afflixit
598 3117 917 3169 senectus:
963 3129 1087 3168 non
1132 3112 1298 3171 curia
1342 3114 1488 3174 viris
1534 3132 1702 3174 meas
1754 3115 2081 3190 desiderat,
2131 3137 2256 3177 non

346 3215 557 3278 rostra,
591 3225 716 3264 non
746 3206 940 3281 amici,
974 3227 1099 3267 non
1129 3209 1399 3284 clientes,
1426 3231 1547 3270 non
1579 3212 1869 3289 hospites
1932 3216 2064 3274 Nec
2093 3213 2255 3275 enim

346 3320 631 3379 umquam
665 3322 797 3363 sum
831 3323 1120 3366 assensus
1149 3307 1339 3366 veteri
1382 3308 1468 3367 illi
1512 3309 1881 3385 laudatoque
1911 3311 2253 3388 proverbio,

346 3399 511 3476 quod
541 3411 748 3461 monet
777 3414 1011 3462 mature
1040 3402 1170 3462 fieri
1199 3423 1426 3478 senem,
1459 3404 1510 3464 si
1540 3407 1643 3465 diu
1673 3408 1822 3467 velis
1866 3427 2054 3468 senex
2096 3428 2251 3470 esse.

346 3498 477 3578 Ego
506 3516 651 3559 vero
680 3517 777 3559 me
807 3499 1005 3561 minus
1034 3500 1140 3562 diu
1168 3519 1379 3564 senem
1422 3521 1559 3566 esse
1602 3504 1845 3569 mallem
1888 3524 2071 3584 quam
2114 3524 2253 3568 esse
2314 3572 2335 3597 Γ
