<?xml version="1.0" encoding="UTF-8"?>
<!DOCTYPE html PUBLIC "-//W3C//DTD XHTML 1.0 Transitional//EN"
    "http://www.w3.org/TR/xhtml1/DTD/xhtml1-transitional.dtd">
<html xmlns="http://www.w3.org/1999/xhtml" xml:lang="en" lang="en">
 <head>
  <title>
</title>
<meta http-equiv="Content-Type" content="text/html;charset=utf-8" />
  <meta name='ocr-system' content='tesseract 3.04.00' />
  <meta name='ocr-capabilities' content='ocr_page ocr_carea ocr_par ocr_line ocrx_word'/>
</head>
<body>
  <div class='ocr_page' id='page_1' title='image "./catomaiordesene07cicegoog_0181.png"; bbox 0 0 2788 3999; ppageno 0'>
   <div class='ocr_carea' id='block_1_1' title="bbox 400 318 2299 396">
    <p class='ocr_par' dir='ltr' id='par_1_1' title="bbox 400 318 2299 396">
     <span class='ocr_line' id='line_1_1' title="bbox 400 318 2299 396; baseline -0.006 -20"><span class='ocrx_word' id='word_1_1' title='bbox 400 323 502 376; x_wconf 87' lang='lat' dir='ltr'>IX.</span> <span class='ocrx_word' id='word_1_2' title='bbox 531 322 629 396; x_wconf 82' lang='lat'>32]</span> <span class='ocrx_word' id='word_1_3' title='bbox 1068 321 1179 373; x_wconf 93' lang='lat' dir='ltr'>DE</span> <span class='ocrx_word' id='word_1_4' title='bbox 1231 319 1636 373; x_wconf 87' lang='lat' dir='ltr'><strong>AMICITIA.</strong></span> <span class='ocrx_word' id='word_1_5' title='bbox 2225 318 2299 383; x_wconf 88' lang='lat'>13</span> 
     </span>
    </p>
   </div>
   <div class='ocr_carea' id='block_1_2' title="bbox 395 482 2413 3585">
    <p class='ocr_par' dir='ltr' id='par_1_2' title="bbox 395 482 2413 3585">
     <span class='ocr_line' id='line_1_2' title="bbox 395 482 2305 565; baseline -0.005 -15"><span class='ocrx_word' id='word_1_6' title='bbox 395 491 578 550; x_wconf 91' lang='lat' dir='ltr'>rebus</span> <span class='ocrx_word' id='word_1_7' title='bbox 608 488 686 547; x_wconf 91' lang='lat' dir='ltr'>ad</span> <span class='ocrx_word' id='word_1_8' title='bbox 717 489 884 547; x_wconf 91' lang='lat' dir='ltr'>illum</span> <span class='ocrx_word' id='word_1_9' title='bbox 909 487 1166 565; x_wconf 90' lang='lat' dir='ltr'>primum</span> <span class='ocrx_word' id='word_1_10' title='bbox 1197 498 1427 545; x_wconf 89' lang='lat' dir='ltr'>motum</span> <span class='ocrx_word' id='word_1_11' title='bbox 1459 485 1643 544; x_wconf 89' lang='lat' dir='ltr'>animi</span> <span class='ocrx_word' id='word_1_12' title='bbox 1672 494 1735 544; x_wconf 93' lang='lat' dir='ltr'>et</span> <span class='ocrx_word' id='word_1_13' title='bbox 1765 484 1987 543; x_wconf 89' lang='lat' dir='ltr'>amoris</span> <span class='ocrx_word' id='word_1_14' title='bbox 2016 482 2305 542; x_wconf 85' lang='lat' dir='ltr'>adhibitis</span> 
     </span>
     <span class='ocr_line' id='line_1_3' title="bbox 397 579 2305 661; baseline -0.006 -13"><span class='ocrx_word' id='word_1_15' title='bbox 397 585 769 648; x_wconf 88' lang='lat' dir='ltr'>admirabilis</span> <span class='ocrx_word' id='word_1_16' title='bbox 819 585 1120 661; x_wconf 85' lang='lat' dir='ltr'><strong>quaedam</strong></span> <span class='ocrx_word' id='word_1_17' title='bbox 1170 583 1512 642; x_wconf 84' lang='lat' dir='ltr'>exardescit</span> <span class='ocrx_word' id='word_1_18' title='bbox 1562 581 2024 640; x_wconf 91' lang='lat' dir='ltr'>benevolentiae</span> <span class='ocrx_word' id='word_1_19' title='bbox 2081 579 2305 655; x_wconf 90' lang='lat' dir='ltr'>magni·</span> 
     </span>
     <span class='ocr_line' id='line_1_4' title="bbox 396 675 2303 758; baseline -0.007 -13"><span class='ocrx_word' id='word_1_20' title='bbox 396 687 562 745; x_wconf 92' lang='lat' dir='ltr'>tudo.</span> <span class='ocrx_word' id='word_1_21' title='bbox 650 683 853 757; x_wconf 87' lang='lat' dir='ltr'>Quam</span> <span class='ocrx_word' id='word_1_22' title='bbox 897 682 948 740; x_wconf 92' lang='lat' dir='ltr'>si</span> <span class='ocrx_word' id='word_1_23' title='bbox 995 682 1098 758; x_wconf 92' lang='lat' dir='ltr'>qui</span> <span class='ocrx_word' id='word_1_24' title='bbox 1139 691 1357 757; x_wconf 90' lang='lat' dir='ltr'>putant</span> <span class='ocrx_word' id='word_1_25' title='bbox 1401 680 1478 738; x_wconf 90' lang='lat' dir='ltr'>ab</span> <span class='ocrx_word' id='word_1_26' title='bbox 1523 678 1935 737; x_wconf 86' lang='lat' dir='ltr'>imbecillitate</span> <span class='ocrx_word' id='word_1_27' title='bbox 1982 675 2303 753; x_wconf 88' lang='lat' dir='ltr'>proficisci,</span> 
     </span>
     <span class='ocr_line' id='line_1_5' title="bbox 396 772 2305 858; baseline -0.007 -16"><span class='ocrx_word' id='word_1_28' title='bbox 396 794 463 842; x_wconf 90' lang='lat' dir='ltr'>ut</span> <span class='ocrx_word' id='word_1_29' title='bbox 512 784 589 842; x_wconf 88' lang='lat' dir='ltr'>sit</span> <span class='ocrx_word' id='word_1_30' title='bbox 636 799 744 858; x_wconf 90' lang='lat' dir='ltr'>per</span> <span class='ocrx_word' id='word_1_31' title='bbox 795 797 975 854; x_wconf 89' lang='lat' dir='ltr'>quem</span> <span class='ocrx_word' id='word_1_32' title='bbox 1027 779 1400 854; x_wconf 89' lang='lat' dir='ltr'>adsequatur</span> <span class='ocrx_word' id='word_1_33' title='bbox 1449 776 1616 852; x_wconf 92' lang='lat' dir='ltr'>quod</span> <span class='ocrx_word' id='word_1_34' title='bbox 1666 775 1923 852; x_wconf 92' lang='lat' dir='ltr'>quisque</span> <span class='ocrx_word' id='word_1_35' title='bbox 1980 772 2305 846; x_wconf 88' lang='lat' dir='ltr'>desideret,</span> 
     </span>
     <span class='ocr_line' id='line_1_6' title="bbox 400 868 2305 950; baseline -0.005 -11"><span class='ocrx_word' id='word_1_36' title='bbox 400 881 683 939; x_wconf 89' lang='lat' dir='ltr'>humilem</span> <span class='ocrx_word' id='word_1_37' title='bbox 719 895 868 937; x_wconf 91' lang='lat' dir='ltr'>sane</span> <span class='ocrx_word' id='word_1_38' title='bbox 915 875 1266 950; x_wconf 89' lang='lat' dir='ltr'>relinquunt</span> <span class='ocrx_word' id='word_1_39' title='bbox 1306 884 1368 934; x_wconf 90' lang='lat' dir='ltr'>et</span> <span class='ocrx_word' id='word_1_40' title='bbox 1403 873 1647 931; x_wconf 90' lang='lat' dir='ltr'>minime</span> <span class='ocrx_word' id='word_1_41' title='bbox 1690 888 2069 948; x_wconf 90' lang='lat' dir='ltr'>generosum,</span> <span class='ocrx_word' id='word_1_42' title='bbox 2114 879 2181 928; x_wconf 93' lang='lat' dir='ltr'>ut</span> <span class='ocrx_word' id='word_1_43' title='bbox 2223 868 2305 929; x_wconf 87' lang='lat' dir='ltr'>ita</span> 
     </span>
     <span class='ocr_line' id='line_1_7' title="bbox 398 966 2310 1050; baseline -0.006 -14"><span class='ocrx_word' id='word_1_44' title='bbox 398 979 610 1050; x_wconf 88' lang='lat' dir='ltr'>dicam,</span> <span class='ocrx_word' id='word_1_45' title='bbox 637 988 831 1037; x_wconf 90' lang='lat' dir='ltr'>ortum</span> <span class='ocrx_word' id='word_1_46' title='bbox 867 973 1185 1045; x_wconf 88' lang='lat' dir='ltr'>amicitiae,</span> <span class='ocrx_word' id='word_1_47' title='bbox 1213 990 1392 1046; x_wconf 90' lang='lat' dir='ltr'>quam</span> <span class='ocrx_word' id='word_1_48' title='bbox 1426 990 1501 1029; x_wconf 92' lang='lat' dir='ltr'>ex</span> <span class='ocrx_word' id='word_1_49' title='bbox 1530 969 1738 1045; x_wconf 91' lang='lat' dir='ltr'>inopia</span> <span class='ocrx_word' id='word_1_50' title='bbox 1766 978 1949 1043; x_wconf 88' lang='lat' dir='ltr'>atque</span> <span class='ocrx_word' id='word_1_51' title='bbox 1974 966 2310 1044; x_wconf 88' lang='lat' dir='ltr'>indigentia</span> 
     </span>
     <span class='ocr_line' id='line_1_8' title="bbox 401 1064 2307 1145; baseline -0.005 -11"><span class='ocrx_word' id='word_1_52' title='bbox 401 1086 600 1134; x_wconf 89' lang='lat' dir='ltr'>natam</span> <span class='ocrx_word' id='word_1_53' title='bbox 624 1076 854 1134; x_wconf 92' lang='lat' dir='ltr'>volunt.</span> <span class='ocrx_word' id='word_1_54' title='bbox 941 1069 1127 1145; x_wconf 87' lang='lat' dir='ltr'>Quod</span> <span class='ocrx_word' id='word_1_55' title='bbox 1169 1069 1221 1127; x_wconf 92' lang='lat' dir='ltr'>si</span> <span class='ocrx_word' id='word_1_56' title='bbox 1265 1069 1349 1127; x_wconf 90' lang='lat' dir='ltr'>ita</span> <span class='ocrx_word' id='word_1_57' title='bbox 1377 1077 1559 1139; x_wconf 90' lang='lat' dir='ltr'>esset,</span> <span class='ocrx_word' id='word_1_58' title='bbox 1584 1078 1649 1125; x_wconf 94' lang='lat' dir='ltr'>ut</span> <span class='ocrx_word' id='word_1_59' title='bbox 1692 1065 1950 1142; x_wconf 91' lang='lat' dir='ltr'>quisque</span> <span class='ocrx_word' id='word_1_60' title='bbox 1994 1064 2307 1124; x_wconf 88' lang='lat' dir='ltr'>minimum</span> 
     </span>
     <span class='ocr_line' id='line_1_9' title="bbox 399 1161 2312 1239; baseline -0.005 -8"><span class='ocrx_word' id='word_1_61' title='bbox 399 1191 532 1231; x_wconf 93' lang='lat' dir='ltr'>esse</span> <span class='ocrx_word' id='word_1_62' title='bbox 557 1173 615 1230; x_wconf 93' lang='lat' dir='ltr'>in</span> <span class='ocrx_word' id='word_1_63' title='bbox 640 1191 705 1231; x_wconf 93' lang='lat' dir='ltr'>se</span> <span class='ocrx_word' id='word_1_64' title='bbox 729 1171 1138 1239; x_wconf 88' lang='lat' dir='ltr'>arbitraretur,</span> <span class='ocrx_word' id='word_1_65' title='bbox 1168 1166 1253 1224; x_wconf 88' lang='lat' dir='ltr'>ita</span> <span class='ocrx_word' id='word_1_66' title='bbox 1283 1166 1360 1223; x_wconf 90' lang='lat' dir='ltr'>ad</span> <span class='ocrx_word' id='word_1_67' title='bbox 1386 1163 1709 1223; x_wconf 89' lang='lat' dir='ltr'>amicitiam</span> <span class='ocrx_word' id='word_1_68' title='bbox 1735 1173 1898 1220; x_wconf 90' lang='lat' dir='ltr'>esset</span> <span class='ocrx_word' id='word_1_69' title='bbox 1922 1161 2270 1239; x_wconf 83' lang='lat' dir='ltr'>aptissimus</span> <span class='ocrx_word' id='word_1_70' title='bbox 2291 1183 2312 1237; x_wconf 80' lang='lat'>3</span> 
     </span>
     <span class='ocr_line' id='line_1_10' title="bbox 401 1259 2409 1347; baseline -0.004 -20"><span class='ocrx_word' id='word_1_71' title='bbox 401 1270 562 1345; x_wconf 92' lang='lat' dir='ltr'>quod</span> <span class='ocrx_word' id='word_1_72' title='bbox 595 1270 775 1347; x_wconf 90' lang='lat' dir='ltr'>longe</span> <span class='ocrx_word' id='word_1_73' title='bbox 818 1286 995 1327; x_wconf 91' lang='lat' dir='ltr'>secus</span> <span class='ocrx_word' id='word_1_74' title='bbox 1035 1274 1147 1325; x_wconf 86' lang='lat' dir='ltr'>est.</span> <span class='ocrx_word' id='word_1_75' title='bbox 1238 1264 1325 1321; x_wconf 94' lang='lat' dir='ltr'>Ut</span> <span class='ocrx_word' id='word_1_76' title='bbox 1355 1262 1517 1321; x_wconf 91' lang='lat' dir='ltr'>enim</span> <span class='ocrx_word' id='word_1_77' title='bbox 1550 1260 1808 1337; x_wconf 92' lang='lat' dir='ltr'>quisque</span> <span class='ocrx_word' id='word_1_78' title='bbox 1839 1259 1954 1319; x_wconf 90' lang='lat' dir='ltr'>sibi</span> <span class='ocrx_word' id='word_1_79' title='bbox 1983 1259 2308 1336; x_wconf 90' lang='lat' dir='ltr'>plurimum</span> <span class='ocrx_word' id='word_1_80' title='bbox 2338 1277 2409 1337; x_wconf 81' lang='grc' dir='ltr'>3ο</span> 
     </span>
     <span class='ocr_line' id='line_1_11' title="bbox 399 1356 2312 1442; baseline -0.006 -16"><span class='ocrx_word' id='word_1_81' title='bbox 399 1366 650 1426; x_wconf 87' lang='lat' dir='ltr'>confidit</span> <span class='ocrx_word' id='word_1_82' title='bbox 678 1377 740 1426; x_wconf 88' lang='lat' dir='ltr'>et</span> <span class='ocrx_word' id='word_1_83' title='bbox 762 1376 828 1425; x_wconf 92' lang='lat' dir='ltr'>ut</span> <span class='ocrx_word' id='word_1_84' title='bbox 856 1365 1114 1442; x_wconf 90' lang='lat' dir='ltr'>quisque</span> <span class='ocrx_word' id='word_1_85' title='bbox 1139 1361 1400 1420; x_wconf 86' lang='lat' dir='ltr'>maxime</span> <span class='ocrx_word' id='word_1_86' title='bbox 1431 1359 1650 1417; x_wconf 90' lang='lat' dir='ltr'>virtute</span> <span class='ocrx_word' id='word_1_87' title='bbox 1674 1367 1734 1415; x_wconf 94' lang='lat' dir='ltr'>et</span> <span class='ocrx_word' id='word_1_88' title='bbox 1757 1357 2056 1433; x_wconf 88' lang='lat' dir='ltr'>sapientia</span> <span class='ocrx_word' id='word_1_89' title='bbox 2078 1356 2165 1415; x_wconf 93' lang='lat' dir='ltr'>sic</span> <span class='ocrx_word' id='word_1_90' title='bbox 2189 1376 2312 1415; x_wconf 90' lang='lat' dir='ltr'>mu-</span> 
     </span>
     <span class='ocr_line' id='line_1_12' title="bbox 402 1454 2311 1540; baseline -0.005 -17"><span class='ocrx_word' id='word_1_91' title='bbox 402 1464 562 1524; x_wconf 91' lang='lat' dir='ltr'>nitus</span> <span class='ocrx_word' id='word_1_92' title='bbox 592 1475 702 1538; x_wconf 89' lang='lat' dir='ltr'>est,</span> <span class='ocrx_word' id='word_1_93' title='bbox 734 1474 800 1522; x_wconf 94' lang='lat' dir='ltr'>ut</span> <span class='ocrx_word' id='word_1_94' title='bbox 832 1464 999 1522; x_wconf 92' lang='lat' dir='ltr'>nullo</span> <span class='ocrx_word' id='word_1_95' title='bbox 1028 1470 1206 1540; x_wconf 89' lang='lat' dir='ltr'>egeat</span> <span class='ocrx_word' id='word_1_96' title='bbox 1236 1475 1471 1532; x_wconf 88' lang='lat' dir='ltr'>suaque</span> <span class='ocrx_word' id='word_1_97' title='bbox 1503 1455 1709 1514; x_wconf 89' lang='lat' dir='ltr'>omnia</span> <span class='ocrx_word' id='word_1_98' title='bbox 1739 1455 1800 1512; x_wconf 92' lang='lat' dir='ltr'>in</span> <span class='ocrx_word' id='word_1_99' title='bbox 1842 1473 1907 1514; x_wconf 92' lang='lat' dir='ltr'>se</span> <span class='ocrx_word' id='word_1_100' title='bbox 1938 1454 2071 1531; x_wconf 90' lang='lat' dir='ltr'>ipso</span> <span class='ocrx_word' id='word_1_101' title='bbox 2110 1454 2311 1530; x_wconf 89' lang='lat' dir='ltr'>posita</span> 
     </span>
     <span class='ocr_line' id='line_1_13' title="bbox 401 1551 2310 1635; baseline -0.004 -16"><span class='ocrx_word' id='word_1_102' title='bbox 401 1561 640 1635; x_wconf 92' lang='lat' dir='ltr'>iudicet,</span> <span class='ocrx_word' id='word_1_103' title='bbox 673 1562 758 1620; x_wconf 85' lang='lat' dir='ltr'>ita</span> <span class='ocrx_word' id='word_1_104' title='bbox 800 1561 860 1619; x_wconf 92' lang='lat' dir='ltr'>in</span> <span class='ocrx_word' id='word_1_105' title='bbox 906 1559 1184 1619; x_wconf 90' lang='lat' dir='ltr'>amicitiis</span> <span class='ocrx_word' id='word_1_106' title='bbox 1226 1552 1588 1632; x_wconf 85' lang='lat' dir='ltr'>expetendis</span> <span class='ocrx_word' id='word_1_107' title='bbox 1630 1552 2022 1628; x_wconf 90' lang='lat' dir='ltr'>colendisque</span> <span class='ocrx_word' id='word_1_108' title='bbox 2053 1551 2310 1616; x_wconf 84' lang='lat' dir='ltr'>maxime</span> 
     </span>
     <span class='ocr_line' id='line_1_14' title="bbox 401 1648 2311 1733; baseline -0.006 -15"><span class='ocrx_word' id='word_1_109' title='bbox 401 1660 659 1718; x_wconf 87' lang='lat' dir='ltr'>excellit.</span> <span class='ocrx_word' id='word_1_110' title='bbox 727 1659 893 1733; x_wconf 87' lang='lat' dir='ltr'>Quid</span> <span class='ocrx_word' id='word_1_111' title='bbox 913 1658 1115 1718; x_wconf 84' lang='lat' dir='ltr'>enim?</span> <span class='ocrx_word' id='word_1_112' title='bbox 1149 1655 1507 1713; x_wconf 76' lang='lat' dir='ltr'>Africanus</span> <span class='ocrx_word' id='word_1_113' title='bbox 1531 1648 1811 1725; x_wconf 90' lang='lat' dir='ltr'>indigens</span> <span class='ocrx_word' id='word_1_114' title='bbox 1832 1648 1991 1708; x_wconf 86' lang='lat' dir='ltr'>mei?</span> <span class='ocrx_word' id='word_1_115' title='bbox 2056 1649 2311 1707; x_wconf 88' lang='lat' dir='ltr'>Minime</span> 
     </span>
     <span class='ocr_line' id='line_1_15' title="bbox 402 1746 2312 1833; baseline -0.004 -19"><span class='ocrx_word' id='word_1_116' title='bbox 402 1757 680 1816; x_wconf 85' lang='lat' dir='ltr'>hercule!</span> <span class='ocrx_word' id='word_1_117' title='bbox 764 1759 851 1814; x_wconf 92' lang='lat' dir='ltr'>Ac</span> <span class='ocrx_word' id='word_1_118' title='bbox 882 1774 958 1814; x_wconf 89' lang='lat' dir='ltr'>ne</span> <span class='ocrx_word' id='word_1_119' title='bbox 990 1773 1106 1833; x_wconf 93' lang='lat' dir='ltr'>ego</span> <span class='ocrx_word' id='word_1_120' title='bbox 1136 1753 1380 1831; x_wconf 91' lang='lat' dir='ltr'>quidem</span> <span class='ocrx_word' id='word_1_121' title='bbox 1415 1748 1593 1820; x_wconf 91' lang='lat' dir='ltr'>illius,</span> <span class='ocrx_word' id='word_1_122' title='bbox 1623 1748 1732 1806; x_wconf 90' lang='lat' dir='ltr'>sed</span> <span class='ocrx_word' id='word_1_123' title='bbox 1764 1766 1877 1823; x_wconf 90' lang='lat' dir='ltr'>ego</span> <span class='ocrx_word' id='word_1_124' title='bbox 1911 1746 2312 1806; x_wconf 88' lang='lat' dir='ltr'>admiratione</span> 
     </span>
     <span class='ocr_line' id='line_1_16' title="bbox 402 1843 2312 1929; baseline -0.003 -19"><span class='ocrx_word' id='word_1_125' title='bbox 402 1853 661 1929; x_wconf 85' lang='lat' dir='ltr'>quadarn</span> <span class='ocrx_word' id='word_1_126' title='bbox 690 1852 927 1912; x_wconf 90' lang='lat' dir='ltr'>virtutis</span> <span class='ocrx_word' id='word_1_127' title='bbox 957 1852 1105 1925; x_wconf 89' lang='lat' dir='ltr'>eius,</span> <span class='ocrx_word' id='word_1_128' title='bbox 1138 1851 1239 1909; x_wconf 93' lang='lat' dir='ltr'>ille</span> <span class='ocrx_word' id='word_1_129' title='bbox 1269 1846 1537 1908; x_wconf 90' lang='lat' dir='ltr'>vicissim</span> <span class='ocrx_word' id='word_1_130' title='bbox 1569 1843 1857 1920; x_wconf 91' lang='lat' dir='ltr'>opinione</span> <span class='ocrx_word' id='word_1_131' title='bbox 1897 1844 2157 1902; x_wconf 80' lang='lat' dir='ltr'>fortasse</span> <span class='ocrx_word' id='word_1_132' title='bbox 2187 1862 2312 1905; x_wconf 89' lang='lat' dir='ltr'>non</span> 
     </span>
     <span class='ocr_line' id='line_1_17' title="bbox 406 1939 2315 2025; baseline -0.005 -19"><span class='ocrx_word' id='word_1_133' title='bbox 406 1948 567 2007; x_wconf 90' lang='lat' dir='ltr'>nulla</span> <span class='ocrx_word' id='word_1_134' title='bbox 596 1965 780 2025; x_wconf 89' lang='lat' dir='ltr'>quam</span> <span class='ocrx_word' id='word_1_135' title='bbox 810 1948 887 2007; x_wconf 93' lang='lat' dir='ltr'>de</span> <span class='ocrx_word' id='word_1_136' title='bbox 917 1946 1068 2006; x_wconf 90' lang='lat' dir='ltr'>meis</span> <span class='ocrx_word' id='word_1_137' title='bbox 1098 1946 1367 2006; x_wconf 89' lang='lat' dir='ltr'>moribus</span> <span class='ocrx_word' id='word_1_138' title='bbox 1397 1944 1681 2015; x_wconf 86' lang='lat' dir='ltr'>habebat,</span> <span class='ocrx_word' id='word_1_139' title='bbox 1716 1959 1811 1998; x_wconf 89' lang='lat' dir='ltr'>me</span> <span class='ocrx_word' id='word_1_140' title='bbox 1843 1940 2053 1998; x_wconf 92' lang='lat' dir='ltr'>dilexit</span> <span class='ocrx_word' id='word_1_141' title='bbox 2075 1961 2093 2014; x_wconf 80' lang='lat'>3</span> <span class='ocrx_word' id='word_1_142' title='bbox 2148 1939 2315 1998; x_wconf 88' lang='lat' dir='ltr'>auxit</span> 
     </span>
     <span class='ocr_line' id='line_1_18' title="bbox 402 2038 2313 2122; baseline -0.004 -17"><span class='ocrx_word' id='word_1_143' title='bbox 402 2046 889 2106; x_wconf 90' lang='lat' dir='ltr'>benevolentiam</span> <span class='ocrx_word' id='word_1_144' title='bbox 935 2045 1336 2105; x_wconf 88' lang='lat' dir='ltr'>consuetudo.</span> <span class='ocrx_word' id='word_1_145' title='bbox 1437 2043 1560 2103; x_wconf 93' lang='lat' dir='ltr'>Sed</span> <span class='ocrx_word' id='word_1_146' title='bbox 1605 2057 1975 2122; x_wconf 79' lang='lat' dir='ltr'>quamquam</span> <span class='ocrx_word' id='word_1_147' title='bbox 2018 2038 2313 2097; x_wconf 90' lang='lat' dir='ltr'>utilitates</span> 
     </span>
     <span class='ocr_line' id='line_1_19' title="bbox 405 2137 2315 2221; baseline -0.004 -19"><span class='ocrx_word' id='word_1_148' title='bbox 405 2145 627 2203; x_wconf 87' lang='lat' dir='ltr'>multae</span> <span class='ocrx_word' id='word_1_149' title='bbox 658 2154 719 2202; x_wconf 92' lang='lat' dir='ltr'>et</span> <span class='ocrx_word' id='word_1_150' title='bbox 754 2162 1010 2221; x_wconf 88' lang='lat' dir='ltr'>magnae</span> <span class='ocrx_word' id='word_1_151' title='bbox 1041 2152 1409 2202; x_wconf 86' lang='lat' dir='ltr'>consecutae</span> <span class='ocrx_word' id='word_1_152' title='bbox 1450 2151 1608 2212; x_wconf 89' lang='lat' dir='ltr'>sunt,</span> <span class='ocrx_word' id='word_1_153' title='bbox 1641 2158 1763 2198; x_wconf 91' lang='lat' dir='ltr'>non</span> <span class='ocrx_word' id='word_1_154' title='bbox 1809 2147 1952 2195; x_wconf 88' lang='lat' dir='ltr'>sunt</span> <span class='ocrx_word' id='word_1_155' title='bbox 1994 2146 2198 2194; x_wconf 90' lang='lat' dir='ltr'>tamen</span> <span class='ocrx_word' id='word_1_156' title='bbox 2237 2137 2315 2195; x_wconf 90' lang='lat' dir='ltr'>ab</span> 
     </span>
     <span class='ocr_line' id='line_1_20' title="bbox 404 2234 2413 2318; baseline -0.002 -18"><span class='ocrx_word' id='word_1_157' title='bbox 404 2260 608 2300; x_wconf 90' lang='lat' dir='ltr'>earum</span> <span class='ocrx_word' id='word_1_158' title='bbox 639 2260 747 2318; x_wconf 89' lang='lat' dir='ltr'>spe</span> <span class='ocrx_word' id='word_1_159' title='bbox 771 2259 993 2300; x_wconf 88' lang='lat' dir='ltr'>causae</span> <span class='ocrx_word' id='word_1_160' title='bbox 1018 2239 1309 2317; x_wconf 88' lang='lat' dir='ltr'>diligendi</span> <span class='ocrx_word' id='word_1_161' title='bbox 1334 2240 1664 2316; x_wconf 80' lang='lat' dir='ltr'>profectae.</span> <span class='ocrx_word' id='word_1_162' title='bbox 1754 2238 1841 2295; x_wconf 94' lang='lat' dir='ltr'>Ut</span> <span class='ocrx_word' id='word_1_163' title='bbox 1864 2235 2026 2294; x_wconf 90' lang='lat' dir='ltr'>enim</span> <span class='ocrx_word' id='word_1_164' title='bbox 2057 2234 2315 2294; x_wconf 87' lang='lat' dir='ltr'>benefici</span> <span class='ocrx_word' id='word_1_165' title='bbox 2343 2255 2413 2312; x_wconf 85' lang='lat'>3¹</span> 
     </span>
     <span class='ocr_line' id='line_1_21' title="bbox 405 2335 2313 2414; baseline -0.002 -19"><span class='ocrx_word' id='word_1_166' title='bbox 405 2338 805 2414; x_wconf 88' lang='lat' dir='ltr'>liberalesque</span> <span class='ocrx_word' id='word_1_167' title='bbox 849 2356 1074 2408; x_wconf 81' lang='lat' dir='ltr'>sumuS‚</span> <span class='ocrx_word' id='word_1_168' title='bbox 1112 2357 1235 2396; x_wconf 91' lang='lat' dir='ltr'>non</span> <span class='ocrx_word' id='word_1_169' title='bbox 1278 2347 1345 2395; x_wconf 90' lang='lat' dir='ltr'>ut</span> <span class='ocrx_word' id='word_1_170' title='bbox 1388 2337 1699 2414; x_wconf 85' lang='lat' dir='ltr'>exigamus</span> <span class='ocrx_word' id='word_1_171' title='bbox 1742 2335 2313 2413; x_wconf 88' lang='lat' dir='ltr'>gratiam—neque</span> 
     </span>
     <span class='ocr_line' id='line_1_22' title="bbox 405 2432 2315 2511; baseline -0.002 -17"><span class='ocrx_word' id='word_1_172' title='bbox 405 2435 564 2494; x_wconf 84' lang='lat' dir='ltr'>enirn</span> <span class='ocrx_word' id='word_1_173' title='bbox 619 2435 981 2495; x_wconf 87' lang='lat' dir='ltr'>beneficium</span> <span class='ocrx_word' id='word_1_174' title='bbox 1029 2435 1431 2506; x_wconf 82' lang='lat' dir='ltr'>faeneramur,</span> <span class='ocrx_word' id='word_1_175' title='bbox 1463 2434 1573 2493; x_wconf 90' lang='lat' dir='ltr'>sed</span> <span class='ocrx_word' id='word_1_176' title='bbox 1626 2443 1843 2492; x_wconf 84' lang='lat' dir='ltr'>natura</span> <span class='ocrx_word' id='word_1_177' title='bbox 1898 2433 2187 2511; x_wconf 92' lang='lat' dir='ltr'>propensi</span> <span class='ocrx_word' id='word_1_178' title='bbox 2236 2432 2315 2491; x_wconf 99' lang='lat' dir='ltr'>ad</span> 
     </span>
     <span class='ocr_line' id='line_1_23' title="bbox 409 2530 2317 2611; baseline -0.001 -21"><span class='ocrx_word' id='word_1_179' title='bbox 409 2533 826 2611; x_wconf 79' lang='lat' dir='ltr'>liberalitatem</span> <span class='ocrx_word' id='word_1_180' title='bbox 871 2531 1271 2591; x_wconf 90' lang='lat' dir='ltr'>sumus—sic</span> <span class='ocrx_word' id='word_1_181' title='bbox 1323 2531 1648 2590; x_wconf 88' lang='lat' dir='ltr'>amicitiam</span> <span class='ocrx_word' id='word_1_182' title='bbox 1698 2551 1820 2590; x_wconf 91' lang='lat' dir='ltr'>non</span> <span class='ocrx_word' id='word_1_183' title='bbox 1866 2551 1974 2609; x_wconf 89' lang='lat' dir='ltr'>spe</span> <span class='ocrx_word' id='word_1_184' title='bbox 2020 2530 2317 2591; x_wconf 87' lang='lat' dir='ltr'>mercedis</span> 
     </span>
     <span class='ocr_line' id='line_1_24' title="bbox 407 2628 2315 2708; baseline 0.001 -21"><span class='ocrx_word' id='word_1_185' title='bbox 407 2630 670 2703; x_wconf 89' lang='lat' dir='ltr'>adducti,</span> <span class='ocrx_word' id='word_1_186' title='bbox 722 2630 832 2688; x_wconf 91' lang='lat' dir='ltr'>sed</span> <span class='ocrx_word' id='word_1_187' title='bbox 882 2628 1049 2705; x_wconf 91' lang='lat' dir='ltr'>quod</span> <span class='ocrx_word' id='word_1_188' title='bbox 1098 2629 1296 2687; x_wconf 89' lang='lat' dir='ltr'>omnis</span> <span class='ocrx_word' id='word_1_189' title='bbox 1347 2628 1477 2687; x_wconf 90' lang='lat' dir='ltr'>eius</span> <span class='ocrx_word' id='word_1_190' title='bbox 1534 2629 1762 2689; x_wconf 87' lang='lat' dir='ltr'>fructus</span> <span class='ocrx_word' id='word_1_191' title='bbox 1815 2631 1875 2689; x_wconf 93' lang='lat' dir='ltr'>in</span> <span class='ocrx_word' id='word_1_192' title='bbox 1929 2632 2063 2708; x_wconf 89' lang='lat' dir='ltr'>ipso</span> <span class='ocrx_word' id='word_1_193' title='bbox 2110 2648 2315 2691; x_wconf 87' lang='lat' dir='ltr'>amore</span> 
     </span>
     <span class='ocr_line' id='line_1_25' title="bbox 408 2727 2413 2805; baseline 0 -20"><span class='ocrx_word' id='word_1_194' title='bbox 408 2727 579 2799; x_wconf 92' lang='lat' dir='ltr'>inest,</span> <span class='ocrx_word' id='word_1_195' title='bbox 610 2727 1014 2803; x_wconf 89' lang='lat' dir='ltr'>expetendam</span> <span class='ocrx_word' id='word_1_196' title='bbox 1045 2736 1346 2803; x_wconf 79' lang='lat' dir='ltr'>putamus,</span> <span class='ocrx_word' id='word_1_197' title='bbox 1435 2727 1533 2784; x_wconf 92' lang='lat' dir='ltr'>Ab</span> <span class='ocrx_word' id='word_1_198' title='bbox 1562 2728 1676 2799; x_wconf 90' lang='lat' dir='ltr'>his,</span> <span class='ocrx_word' id='word_1_199' title='bbox 1709 2727 1812 2803; x_wconf 92' lang='lat' dir='ltr'>qui</span> <span class='ocrx_word' id='word_1_200' title='bbox 1852 2730 2155 2805; x_wconf 90' lang='lat' dir='ltr'>pecudum</span> <span class='ocrx_word' id='word_1_201' title='bbox 2199 2728 2314 2786; x_wconf 90' lang='lat' dir='ltr'>ritu</span> <span class='ocrx_word' id='word_1_202' title='bbox 2342 2745 2413 2803; x_wconf 83' lang='lat'>3²</span> 
     </span>
     <span class='ocr_line' id='line_1_26' title="bbox 407 2823 2316 2903; baseline 0.001 -21"><span class='ocrx_word' id='word_1_203' title='bbox 407 2825 484 2882; x_wconf 88' lang='lat' dir='ltr'>ad</span> <span class='ocrx_word' id='word_1_204' title='bbox 531 2824 904 2900; x_wconf 88' lang='lat' dir='ltr'>voluptatem</span> <span class='ocrx_word' id='word_1_205' title='bbox 951 2823 1157 2882; x_wconf 90' lang='lat' dir='ltr'>omnia</span> <span class='ocrx_word' id='word_1_206' title='bbox 1200 2824 1488 2897; x_wconf 83' lang='lat' dir='ltr'>referunt,</span> <span class='ocrx_word' id='word_1_207' title='bbox 1540 2827 1720 2903; x_wconf 91' lang='lat' dir='ltr'>longe</span> <span class='ocrx_word' id='word_1_208' title='bbox 1767 2826 2152 2897; x_wconf 87' lang='lat' dir='ltr'>dissentiunt,</span> <span class='ocrx_word' id='word_1_209' title='bbox 2202 2843 2316 2884; x_wconf 92' lang='lat' dir='ltr'>nec</span> 
     </span>
     <span class='ocr_line' id='line_1_27' title="bbox 404 2918 2314 3001; baseline 0.001 -21"><span class='ocrx_word' id='word_1_210' title='bbox 404 2918 615 2981; x_wconf 81' lang='lat' dir='ltr'>mirum</span> <span class='ocrx_word' id='word_1_211' title='bbox 640 2945 658 2995; x_wconf 88' lang='lat'>;</span> <span class='ocrx_word' id='word_1_212' title='bbox 712 2922 859 2980; x_wconf 92' lang='lat' dir='ltr'>nihil</span> <span class='ocrx_word' id='word_1_213' title='bbox 891 2922 1051 2980; x_wconf 89' lang='lat' dir='ltr'>enim</span> <span class='ocrx_word' id='word_1_214' title='bbox 1083 2922 1289 2994; x_wconf 89' lang='lat' dir='ltr'>altum,</span> <span class='ocrx_word' id='word_1_215' title='bbox 1325 2923 1474 2981; x_wconf 90' lang='lat' dir='ltr'>nihil</span> <span class='ocrx_word' id='word_1_216' title='bbox 1507 2924 1893 3001; x_wconf 87' lang='lat' dir='ltr'>magnificum</span> <span class='ocrx_word' id='word_1_217' title='bbox 1934 2943 2007 2982; x_wconf 91' lang='lat' dir='ltr'>ac</span> <span class='ocrx_word' id='word_1_218' title='bbox 2043 2923 2314 2981; x_wconf 87' lang='lat' dir='ltr'>divinum</span> 
     </span>
     <span class='ocr_line' id='line_1_28' title="bbox 407 3019 2320 3098; baseline -0.001 -18"><span class='ocrx_word' id='word_1_219' title='bbox 407 3020 715 3097; x_wconf 90' lang='lat' dir='ltr'>suspicere</span> <span class='ocrx_word' id='word_1_220' title='bbox 757 3029 1038 3096; x_wconf 89' lang='lat' dir='ltr'>possunt,</span> <span class='ocrx_word' id='word_1_221' title='bbox 1067 3019 1170 3095; x_wconf 92' lang='lat' dir='ltr'>qui</span> <span class='ocrx_word' id='word_1_222' title='bbox 1214 3038 1358 3078; x_wconf 88' lang='lat' dir='ltr'>suas</span> <span class='ocrx_word' id='word_1_223' title='bbox 1403 3020 1601 3079; x_wconf 90' lang='lat' dir='ltr'>omnis</span> <span class='ocrx_word' id='word_1_224' title='bbox 1645 3021 2045 3098; x_wconf 87' lang='lat' dir='ltr'>cogitationes</span> <span class='ocrx_word' id='word_1_225' title='bbox 2088 3020 2320 3079; x_wconf 86' lang='lat' dir='ltr'>abiece-</span> 
     </span>
     <span class='ocr_line' id='line_1_29' title="bbox 406 3116 2317 3194; baseline 0.001 -20"><span class='ocrx_word' id='word_1_226' title='bbox 406 3127 543 3175; x_wconf 90' lang='lat' dir='ltr'>runt</span> <span class='ocrx_word' id='word_1_227' title='bbox 572 3116 634 3175; x_wconf 92' lang='lat' dir='ltr'>in</span> <span class='ocrx_word' id='word_1_228' title='bbox 664 3136 787 3175; x_wconf 89' lang='lat' dir='ltr'>rem</span> <span class='ocrx_word' id='word_1_229' title='bbox 819 3129 943 3176; x_wconf 88' lang='lat' dir='ltr'>tam</span> <span class='ocrx_word' id='word_1_230' title='bbox 983 3117 1270 3175; x_wconf 89' lang='lat' dir='ltr'>humilem</span> <span class='ocrx_word' id='word_1_231' title='bbox 1312 3127 1560 3192; x_wconf 88' lang='lat' dir='ltr'>tamque</span> <span class='ocrx_word' id='word_1_232' title='bbox 1600 3128 2027 3194; x_wconf 90' lang='lat' dir='ltr'>contemptam.</span> <span class='ocrx_word' id='word_1_233' title='bbox 2114 3116 2317 3191; x_wconf 86' lang='lat' dir='ltr'>Quam</span> 
     </span>
     <span class='ocr_line' id='line_1_30' title="bbox 406 3212 2318 3290; baseline -0.001 -17"><span class='ocrx_word' id='word_1_234' title='bbox 406 3215 486 3273; x_wconf 93' lang='lat' dir='ltr'>ob</span> <span class='ocrx_word' id='word_1_235' title='bbox 525 3233 650 3272; x_wconf 89' lang='lat' dir='ltr'>rem</span> <span class='ocrx_word' id='word_1_236' title='bbox 693 3216 807 3273; x_wconf 92' lang='lat' dir='ltr'>hos</span> <span class='ocrx_word' id='word_1_237' title='bbox 837 3214 1083 3290; x_wconf 89' lang='lat' dir='ltr'>quidem</span> <span class='ocrx_word' id='word_1_238' title='bbox 1130 3215 1209 3272; x_wconf 90' lang='lat' dir='ltr'>ab</span> <span class='ocrx_word' id='word_1_239' title='bbox 1239 3215 1356 3273; x_wconf 90' lang='lat' dir='ltr'>hoc</span> <span class='ocrx_word' id='word_1_240' title='bbox 1400 3233 1679 3274; x_wconf 90' lang='lat' dir='ltr'>sermone</span> <span class='ocrx_word' id='word_1_241' title='bbox 1723 3233 2156 3287; x_wconf 89' lang='lat' dir='ltr'>removeamus,</span> <span class='ocrx_word' id='word_1_242' title='bbox 2202 3212 2318 3290; x_wconf 93' lang='lat' dir='ltr'>ipsi</span> 
     </span>
     <span class='ocr_line' id='line_1_31' title="bbox 408 3310 2319 3390; baseline -0.001 -20"><span class='ocrx_word' id='word_1_243' title='bbox 408 3323 606 3370; x_wconf 84' lang='lat' dir='ltr'>autem</span> <span class='ocrx_word' id='word_1_244' title='bbox 653 3311 1081 3390; x_wconf 88' lang='lat' dir='ltr'>intellegamus</span> <span class='ocrx_word' id='word_1_245' title='bbox 1130 3322 1347 3370; x_wconf 87' lang='lat' dir='ltr'>natura</span> <span class='ocrx_word' id='word_1_246' title='bbox 1394 3311 1561 3389; x_wconf 91' lang='lat' dir='ltr'>gigni</span> <span class='ocrx_word' id='word_1_247' title='bbox 1611 3331 1856 3371; x_wconf 90' lang='lat' dir='ltr'>sensum</span> <span class='ocrx_word' id='word_1_248' title='bbox 1908 3310 2202 3390; x_wconf 91' lang='lat' dir='ltr'>diligendi</span> <span class='ocrx_word' id='word_1_249' title='bbox 2257 3319 2319 3370; x_wconf 92' lang='lat' dir='ltr'>et</span> 
     </span>
     <span class='ocr_line' id='line_1_32' title="bbox 406 3407 2316 3486; baseline 0 -19"><span class='ocrx_word' id='word_1_250' title='bbox 406 3408 870 3467; x_wconf 91' lang='lat' dir='ltr'>benevolentiae</span> <span class='ocrx_word' id='word_1_251' title='bbox 921 3408 1238 3467; x_wconf 88' lang='lat' dir='ltr'>caritatem</span> <span class='ocrx_word' id='word_1_252' title='bbox 1280 3408 1443 3466; x_wconf 83' lang='lat' dir='ltr'>facta</span> <span class='ocrx_word' id='word_1_253' title='bbox 1494 3408 1935 3486; x_wconf 89' lang='lat' dir='ltr'>significatione</span> <span class='ocrx_word' id='word_1_254' title='bbox 1978 3407 2316 3486; x_wconf 91' lang='lat' dir='ltr'>probitatis,</span> 
     </span>
     <span class='ocr_line' id='line_1_33' title="bbox 409 3504 2313 3585; baseline 0 -22"><span class='ocrx_word' id='word_1_255' title='bbox 409 3523 587 3581; x_wconf 88' lang='lat' dir='ltr'>quam</span> <span class='ocrx_word' id='word_1_256' title='bbox 640 3504 746 3581; x_wconf 90' lang='lat' dir='ltr'>qui</span> <span class='ocrx_word' id='word_1_257' title='bbox 790 3504 1233 3581; x_wconf 89' lang='lat' dir='ltr'>appetiverunt,</span> <span class='ocrx_word' id='word_1_258' title='bbox 1281 3505 1594 3581; x_wconf 89' lang='lat' dir='ltr'>applicant</span> <span class='ocrx_word' id='word_1_259' title='bbox 1634 3524 1771 3565; x_wconf 89' lang='lat' dir='ltr'>sese</span> <span class='ocrx_word' id='word_1_260' title='bbox 1815 3516 1875 3564; x_wconf 94' lang='lat' dir='ltr'>et</span> <span class='ocrx_word' id='word_1_261' title='bbox 1918 3506 2168 3585; x_wconf 92' lang='lat' dir='ltr'>propius</span> <span class='ocrx_word' id='word_1_262' title='bbox 2210 3504 2313 3563; x_wconf 87' lang='lat' dir='ltr'>ad·</span> 
     </span>
    </p>
   </div>
  </div>
 </body>
</html>
