2788 3999
384 1015 453 1074 I9

380 2569 453 2610 20

490 327 531 389 8
1184 338 1529 393 L-AELms
2199 337 2296 410 [v.
2326 342 2391 395 ss

486 527 601 587 ego
631 509 831 571 dicam
862 510 933 570 C.
968 509 1327 583 Fabricium,
1361 510 1470 569 M'.
1502 509 1769 585 Curium,
1801 509 1895 570 Ti.
1922 510 2388 584 Coruncanium,

486 625 641 684 quos
691 608 984 684 sapientis
1033 608 1225 667 nostri
1275 608 1535 667 maiores
1593 608 1962 681 iudicabant,
2008 607 2087 666 ad
2137 607 2385 668 istorum

485 723 757 764 normam
796 705 986 765 fuisse
1025 705 1337 783 sapientis,
1424 706 1565 779 Qua
1602 724 1665 765 re
1702 705 1817 765 sibi
1855 706 2125 765 habeant
2152 707 2391 783 sapien-

485 801 604 860 tiae
652 820 873 861 nomen
920 813 982 862 et
1026 802 1390 861 invidiosum
1437 813 1498 862 et
1544 803 1885 876 obscurum,
1934 803 2278 863 concedant
2323 813 2390 864 ut

482 898 593 957 viri
623 899 766 958 boni
804 899 1047 959 fuerint.
1135 901 1230 958 Ne
1275 899 1335 957 id
1381 900 1626 977 quidem
1656 899 1883 959 facient
1901 922 1919 974 3
1973 902 2286 979 negabunt
2327 901 2387 959 id

486 996 601 1055 nisi
644 996 905 1074 sapienti
948 1014 1131 1073 posse
1174 997 1450 1056 concedi.
1538 999 1809 1074 Agamus
1852 997 2032 1075 igitur
2064 997 2291 1076 pingui,
2323 1008 2389 1058 ut

484 1092 668 1165 aiunt,
695 1092 995 1151 Minerva.
1079 1092 1201 1166 Qui
1230 1093 1314 1152 ita
1346 1111 1415 1153 se
1452 1102 1686 1171 gerunt,
1712 1093 1798 1153 ita
1825 1094 2051 1167 vivunt,
2076 1103 2143 1154 ut
2180 1113 2387 1154 eorum

482 1189 772 1266 probetur
812 1190 966 1248 fides
1011 1190 1324 1267 integritas
1366 1190 1643 1267 aequitas
1686 1190 2035 1264 liberalitaS,
2067 1209 2181 1250 nec
2219 1191 2387 1250 sitin

482 1286 572 1344 eis
595 1285 719 1345 ulla
740 1286 1040 1363 cupiditas
1070 1287 1258 1345 libido
1289 1287 1564 1359 audacia,
1588 1288 1830 1364 sintque
1860 1307 2082 1366 magna
2111 1298 2392 1348 constan·

484 1383 585 1456 tia,
616 1395 683 1443 ut
711 1384 766 1442 ei
796 1385 1056 1454 fuerunt,
1088 1385 1272 1443 modo
1303 1403 1459 1461 quos
1490 1385 1812 1457 nominavi,
1838 1386 1950 1444 hos
1980 1385 2141 1445 viros
2170 1385 2387 1458 bonOS,

484 1490 551 1539 ut
579 1481 769 1541 habiti
806 1490 966 1553 sunt,
996 1480 1085 1540 sic
1123 1481 1307 1540 etiam
1346 1481 1749 1558 appellandos
1787 1492 2086 1559 putemuS,
2119 1482 2263 1558 quia
2301 1500 2391 1541 se-

484 1588 762 1654 quantur,
801 1588 1094 1654 quantum
1136 1580 1415 1637 homines
1458 1589 1731 1656 possunt,
1775 1589 2052 1638 naturam
2096 1579 2388 1656 optimam

482 1674 640 1734 bene
669 1674 909 1733 vivendi
938 1676 1174 1735 ducem.
1263 1675 1362 1734 Sic
1401 1675 1561 1734 enim
1601 1676 1745 1734 mihi
1784 1676 2128 1753 perspicere
2161 1676 2387 1750 videor,

482 1770 568 1830 ita
599 1781 776 1830 natos
819 1790 954 1832 esse
999 1791 1129 1844 nos,
1160 1782 1227 1830 ut
1270 1773 1427 1831 inter
1470 1773 1669 1832 omnis
1711 1783 1874 1832 esset
1903 1773 2163 1833 societas
2207 1792 2390 1851 quae·

486 1868 646 1941 dam,
680 1869 871 1927 maior
899 1879 1121 1942 autem,
1152 1879 1217 1927 ut
1260 1869 1517 1947 quisque
1547 1869 1818 1947 proxime
1849 1869 2183 1931 accederet.
2273 1873 2391 1929 Ita-

485 1982 604 2041 que
659 1962 820 2023 cives
875 1964 1144 2041 potiores
1201 1983 1384 2042 quarn
1443 1964 1763 2043 peregrini,
1817 1964 2140 2043 propinqui
2204 1984 2387 2044 quam

483 2060 664 2119 alieni
687 2083 704 2135 3
759 2079 894 2120 cum
926 2061 1020 2120 his
1050 2062 1209 2120 enim
1242 2061 1566 2121 amicitiam
1597 2072 1815 2121 natura
1843 2062 1975 2139 ipsa
2004 2062 2256 2140 peperit,
2278 2064 2388 2123 sed

481 2176 557 2218 ea
606 2177 727 2217 non
773 2159 923 2218 satis
973 2160 1159 2219 habet
1203 2159 1523 2220 firmitatis.
1611 2161 1892 2238 Namque
1943 2162 2061 2220 hoc
2117 2171 2387 2238 praestat

484 2255 747 2315 amicitia
796 2257 1250 2334 propinquitati,
1299 2258 1466 2334 quod
1511 2276 1587 2317 ex
1630 2258 2085 2336 propinquitate
2131 2260 2390 2320 benevo-

483 2354 669 2413 lentia
697 2354 826 2414 tolli
856 2365 1079 2433 potest,
1105 2374 1179 2414 ex
1210 2355 1475 2414 amicitia
1505 2374 1627 2414 non
1658 2366 1862 2432 potest
1880 2377 1899 2430 3
1955 2357 2197 2417 sublata
2225 2357 2386 2416 enirn

481 2452 908 2513 benevolentia
964 2454 1265 2513 amicitiae
1321 2473 1545 2514 nomen
1608 2453 1856 2526 tollitur,
1915 2454 2387 2533 propinquitatis

483 2560 706 2610 manet.
791 2552 1041 2625 Quanta
1070 2562 1269 2610 autem
1300 2551 1391 2611 vis
1422 2551 1723 2611 amicitiae
1753 2552 1832 2611 sit
1859 2570 1936 2610 ex
1973 2553 2090 2612 hoc
2120 2553 2386 2631 intellegi

482 2647 740 2706 maxime
779 2658 999 2725 potest,
1044 2649 1207 2726 quod
1254 2666 1330 2707 ex
1374 2649 1611 2707 infinita
1656 2649 1949 2708 societate
1992 2649 2234 2726 generis
2278 2650 2386 2709 hu-

481 2744 660 2815 mani,
693 2764 875 2821 quam
906 2746 1252 2805 conciliavit
1280 2746 1417 2822 ipsa
1447 2756 1678 2819 natura,
1711 2746 1797 2805 ita
1823 2756 2140 2806 contracta
2169 2765 2265 2806 res
2294 2757 2388 2806 est

481 2851 543 2900 et
572 2842 838 2901 adducta
867 2842 926 2900 in
960 2853 1301 2920 angustum,
1332 2852 1399 2901 ut
1429 2843 1625 2902 omnis
1655 2844 1876 2902 caritas
1906 2854 2009 2903 aut
2048 2843 2206 2903 inter
2231 2844 2387 2905 duos

481 2947 588 2997 aut
633 2938 791 2997 inter
837 2959 1067 3016 paucos
1118 2940 1483 3017 iungeretur.
1568 2941 1681 2999 VI.
1754 2942 1865 2999 Est
1913 2940 2072 2999 enim
2125 2941 2387 3000 amicitia

483 3034 627 3094 nihil
653 3035 817 3096 aliud
848 3036 962 3096 nisi
985 3037 1250 3096 omnium
1275 3037 1612 3096 divinarum
1644 3038 2165 3115 humanarumque
2189 3058 2386 3098 rerum

481 3150 618 3191 curn
640 3132 1068 3193 benevolentia
1091 3144 1151 3192 et
1174 3134 1424 3192 caritate
1446 3134 1789 3206 consensiO,
1811 3154 1931 3211 qua
1954 3135 2198 3211 quidem
2223 3136 2387 3196 haud

482 3230 609 3289 scio
651 3249 728 3288 an
768 3242 1024 3307 excepta
1065 3231 1362 3308 sapientia
1409 3232 1493 3289 nil
1540 3233 1863 3309 quicquam
1904 3233 2119 3293 melius
2158 3232 2387 3293 homini

481 3327 560 3387 sit
589 3347 625 3386 a
655 3327 747 3387 dis
779 3326 1216 3388 immortalibus
1246 3328 1477 3388 datum.
1563 3329 1824 3390 Divitias
1854 3330 1955 3389 alii
1984 3341 2385 3408 praeponunt,

481 3426 703 3484 bonam
758 3426 856 3484 alii
907 3427 1335 3500 valetudinem,
1389 3427 1490 3485 alii
1539 3428 1890 3504 potentiam,
1945 3429 2046 3488 alii
2102 3431 2382 3502 honoreS‚

481 3522 653 3582 multi
698 3523 880 3582 etiarn
929 3524 1291 3600 voluptates,
1378 3524 1699 3584 Beluarum
1744 3526 1863 3585 hoc
1908 3526 2154 3603 quidem
2204 3536 2381 3587 extre
