2788 3999
488 286 528 336 2
1160 282 1374 337 CATo
1429 283 1698 337 MA1oR
2251 284 2327 354 μ.
2359 299 2387 336 2

482 459 706 539 dignus
753 478 829 520 eo
885 478 1154 533 munere,
1203 479 1326 537 quo
1374 469 1629 538 uterque
1676 472 1949 522 nostrum
1990 460 2383 521 communitex

483 567 771 619 uteretur.
851 558 1006 617 Mihi
1036 558 1280 635 quidem
1311 558 1397 617 ita
1425 558 1690 618 iucunda
1717 560 1894 619 huius
1924 560 2059 620 libri
2087 559 2390 619 confectio

481 655 616 730 fuit,
639 665 705 715 ut
729 675 852 715 non
875 657 1060 714 modo
1082 654 1280 715 omnis
1311 656 1666 716 absterserit
1694 657 2027 716 senectutis
2058 657 2386 729 molestias,

484 752 597 814 sed
652 752 923 813 effecerit
967 753 1212 812 mollem
1255 753 1439 813 etiarn
1496 764 1559 814 et
1612 752 1935 813 iucundam
1994 764 2380 814 senectutem

487 848 839 926 Numquam
869 847 1048 925 igitur
1077 848 1314 907 laudari
1342 848 1493 908 satis
1522 848 1705 925 digne
1735 848 2122 926 philosophia
2151 850 2379 927 poterit

483 941 582 1002 cui
610 943 715 1022 qui
741 952 953 1021 pareat
982 961 1163 1001 omne
1192 952 1434 1020 tempus
1464 942 1681 1003 aetatis
1711 943 1842 1002 sine
1877 943 2158 1002 molestia
2197 943 2389 1021 possit

420 1058 456 1117 3
486 1039 726 1117 degere.
814 1040 936 1100 Sed
966 1040 1043 1098 de
1073 1039 1292 1098 ceteris
1321 1049 1383 1099 et
1412 1040 1672 1098 diximus
1704 1040 1892 1098 multa
1921 1050 1983 1100 et
2011 1058 2196 1117 saepe
2236 1039 2378 1099 dice·

484 1156 656 1197 mus:
698 1137 860 1196 hunc
890 1137 1107 1195 librum
1140 1137 1218 1195 ad
1248 1146 1308 1195 te
1338 1137 1416 1195 de
1446 1148 1759 1196 senectute
1783 1136 2071 1198 misimus.
2130 1137 2391 1196 Omnem

485 1244 690 1294 autem
719 1253 1060 1293 sermonem
1092 1234 1412 1294 tribuimus
1442 1254 1566 1293 non
1586 1235 1870 1306 Tithon0,
1892 1244 1957 1293 ut
1989 1234 2195 1294 Aristo
2227 1234 2391 1308 Cius,

483 1350 698 1411 parum
740 1331 901 1391 enim
945 1341 1110 1391 esset
1152 1331 1529 1391 auctoritatis
1564 1331 1624 1389 in
1656 1332 1880 1404 fabula,
1906 1333 2016 1391 sed
2050 1333 2140 1391 M.
2170 1332 2392 1392 Catoni

483 1428 634 1502 seni,
680 1447 802 1507 quo
844 1428 1135 1488 maiorem
1178 1429 1602 1488 auctoritatem
1645 1430 1900 1489 haberet
1940 1427 2175 1490 oratio:
2231 1430 2393 1507 apud

483 1546 666 1607 quem
709 1526 982 1587 Laelium
1026 1536 1086 1585 et
1135 1527 1478 1604 Scipionem
1521 1527 1778 1587 facimus
1823 1526 2196 1601 admirantiS,
2227 1527 2394 1606 quod

484 1625 535 1685 is
558 1635 682 1685 tam
703 1625 883 1685 facile
905 1634 1278 1685 senectutem
1303 1624 1478 1698 ferat,
1500 1624 1708 1701 eisque
1732 1643 1868 1682 eum
1888 1624 2383 1702 respondentem,

485 1723 590 1803 qui
618 1724 670 1784 si
705 1723 998 1784 eruditius
1026 1723 1330 1784 videbitur
1363 1723 1673 1801 disputare
1704 1741 1885 1799 quam
1916 1720 2234 1782 consuevit
2262 1721 2392 1800 ipse

486 1822 547 1883 in
577 1824 704 1885 suis
734 1825 918 1899 libris,
950 1824 1263 1886 attribuito
1306 1825 1521 1886 litteris
1552 1826 1821 1897 Graecis,
1854 1843 2109 1902 quarum
2151 1832 2394 1884 constat

484 1940 624 1982 eum
666 1924 1117 2001 perstudiosum
1145 1924 1336 1984 fuisse
1368 1924 1430 1983 in
1461 1933 1798 1984 senectute.
1882 1922 2005 1983 Sed
2047 1921 2193 2002 quid
2237 1940 2393 1999 opus

484 2028 578 2079 est
607 2019 823 2097 plura?
906 2022 1041 2079 Iam
1087 2020 1247 2080 enim
1293 2020 1484 2098 ipsius
1521 2021 1777 2082 Catonis
1820 2038 2022 2080 sermo
2063 2019 2393 2097 explicabit

483 2126 754 2176 nostram
786 2136 1028 2176 ornnem
1057 2117 1135 2177 de
1165 2128 1481 2178 senectute
1512 2118 1898 2178 sententiam.

425 2241 461 2295 4
567 2217 654 2274 II.
704 2214 939 2276 Semo.
1027 2216 1223 2293 Saepe
1256 2235 1510 2276 numero
1540 2216 1822 2276 admirari
1869 2215 2041 2276 soleo
2087 2235 2225 2276 cum
2272 2217 2391 2277 hoc

484 2311 555 2372 C.
589 2312 800 2371 Laelio
835 2331 971 2371 cum
1018 2322 1354 2372 ceterarum
1398 2332 1596 2372 rerum
1644 2323 1807 2372 tuam
1852 2313 2271 2388 excellentem,
2303 2315 2392 2373 M.

484 2408 661 2481 Cat0,
691 2411 1148 2487 perfectamque
1191 2410 1573 2488 sapientiam,
1606 2420 1731 2469 tum
1767 2409 1862 2469 vel
1914 2410 2175 2470 maxime
2225 2411 2392 2489 quod

484 2523 815 2583 numquam
856 2506 964 2565 tibi
1006 2517 1381 2567 senectutem
1425 2527 1671 2585 gravem
1710 2526 1846 2568 esse
1889 2508 2201 2581 senserim,
2235 2526 2392 2585 quae

483 2603 790 2681 plerisque
820 2603 1067 2683 senibus
1089 2603 1177 2664 sic
1198 2605 1416 2665 odiosa
1437 2615 1549 2678 est,
1566 2615 1634 2666 ut
1653 2623 1811 2664 onus
1831 2623 1900 2664 se
1924 2607 2128 2665 Aetna
2147 2606 2393 2683 gravius

482 2700 693 2760 dicant
715 2699 1032 2760 sustinere.

565 2800 763 2859 CATO.
850 2799 1003 2856 Rem
1054 2799 1219 2858 haud
1257 2818 1436 2873 sane,
1484 2800 1689 2878 Scipio
1737 2810 1800 2860 et
1845 2799 2032 2874 Laeli,
2084 2800 2392 2861 difficilem

485 2895 769 2955 admirari
798 2894 1107 2954 videmini.
1193 2895 1434 2970 Quibus
1477 2897 1639 2957 enim
1683 2897 1830 2956 nihil
1861 2907 1957 2957 est
1984 2896 2045 2955 in
2076 2896 2226 2975 ipsis
2257 2898 2393 2976 opis

484 2993 564 3053 ad
593 2993 751 3052 bene
781 2993 1082 3069 beateque
1111 2993 1452 3068 vivendum,
1483 2995 1574 3054 eis
1603 2994 1801 3054 omnis
1831 3003 2001 3053 aetas
2029 2995 2232 3071 gravis
2261 3007 2392 3055 est:

485 3089 592 3169 qui
622 3099 821 3149 autem
854 3090 1058 3148 omnia
1090 3089 1255 3150 bona
1284 3112 1321 3151 a
1347 3110 1416 3152 se
1446 3092 1561 3169 ipsi
1602 3101 1839 3170 petunt,
1866 3092 1956 3151 eis
1999 3091 2146 3150 nihil
2191 3102 2394 3169 potest

485 3190 711 3248 malum
740 3188 930 3249 videri
961 3190 1126 3266 quod
1170 3199 1422 3250 naturae
1465 3190 1799 3249 necessitas
1842 3189 2075 3249 afferat.
2160 3189 2303 3264 Quo
2333 3190 2392 3248 in

483 3301 709 3360 genere
755 3294 849 3344 est
898 3283 961 3343 in
1008 3284 1218 3362 primis
1274 3293 1576 3355 senectus,
1628 3303 1810 3361 quam
1862 3294 1927 3343 ut
1977 3284 2394 3362 adipiscantur

484 3397 698 3439 omnes
754 3390 987 3460 optant,
1036 3382 1297 3441 eandem
1354 3391 1645 3440 accusant
1696 3380 2019 3458 adeptam:
2077 3390 2252 3440 tanta
2299 3391 2396 3442 est

482 3473 780 3536 stultitiae
849 3476 1262 3536 inconstantia
1330 3487 1514 3552 atque
1584 3474 1970 3552 perversitas.
2081 3475 2394 3554 Obrepere
