2788 3999
352 341 523 398 xlx.
550 339 652 414 66]
983 340 1095 398 DE
1145 342 1655 401 SENEcTuTF„
2175 345 2261 414 27

349 532 649 574 consessu
677 513 878 573 locum
918 533 1215 592 nusquam
1256 514 1314 573 ei
1350 515 1562 574 datum
1606 535 1642 575 a
1685 515 1810 574 suis
1839 514 2092 590 civibus,
2124 535 2261 577 cum

351 622 555 671 autem
600 612 678 671 ad
726 612 1246 672 Lacedaemonios
1297 612 1676 685 accessisset,
1722 611 1842 688 qui,
1889 612 2075 691 legati
2123 633 2260 675 cum

350 719 577 782 essent,
617 719 785 768 certo
825 709 887 768 in
927 710 1061 769 loco
1100 709 1511 781 considerant,
1553 710 2007 770 consurrexisse
2047 731 2260 773 omnes

349 807 438 865 illi
479 806 768 866 dicuntur
808 818 869 866 et
914 826 1121 866 senem
1172 825 1411 867 sessum
1455 805 1759 883 recepisse
1781 828 1798 881 3
1853 809 2072 886 quibus
2123 829 2259 869 cum
2290 813 2360 882 64

351 923 387 963 a
414 914 639 964 cuncto
662 922 957 963 consessu
986 905 1236 981 plausus
1266 914 1432 963 esset
1461 903 1779 982 multiplex
1808 905 2006 980 datus,
2034 907 2259 966 dixisse

351 1020 426 1060 ex
453 1000 544 1061 eis
574 1002 881 1079 quendam
912 1001 1302 1060 Atheniensis
1332 1000 1487 1060 scire
1518 1021 1676 1079 quae
1707 1014 1873 1062 recta
1901 1014 2126 1078 essent,
2149 1004 2258 1063 sed

348 1101 553 1158 facere
599 1099 780 1159 nolle.
868 1099 1067 1157 Multa
1110 1099 1170 1157 in
1215 1109 1426 1157 nostro
1469 1100 1730 1178 collegio
1773 1101 2103 1178 praeclara,
2148 1101 2260 1161 sed

350 1197 482 1269 hoc,
516 1196 593 1254 de
635 1214 756 1272 quo
797 1195 1049 1273 agimus,
1082 1194 1143 1253 in
1184 1193 1411 1272 primiS,
1445 1197 1627 1273 quod,
1661 1211 1722 1256 ut
1763 1198 2019 1276 quisque
2059 1208 2259 1258 aetate

349 1293 675 1366 antecedit,
708 1291 793 1352 ita
821 1291 1161 1352 sententiae
1186 1292 1590 1370 principatum
1621 1305 1804 1368 tenet,
1831 1314 2030 1373 neque
2061 1296 2258 1356 solum

348 1391 584 1450 honore
622 1388 1146 1461 antecedentibuS‚
1179 1391 1288 1449 sed
1326 1391 1416 1450 eis
1455 1392 1655 1465 etiam,
1688 1393 1788 1469 qui
1829 1412 1966 1452 cum
2007 1393 2260 1470 imperio

350 1499 508 1561 sunt,
541 1487 801 1548 maiores
846 1497 993 1545 natu
1040 1505 1298 1564 augures
1342 1500 1812 1566 anteponuntur.
1898 1490 2075 1564 Quae
2119 1500 2260 1550 sunt

349 1586 528 1664 igitur
556 1585 903 1661 voluptates
926 1585 1197 1661 corporis
1227 1604 1363 1645 cum
1396 1587 1772 1647 auctoritatis
1797 1587 2080 1664 praemiis
2103 1606 2262 1647 com-

349 1683 704 1759 parandae?
802 1680 1042 1754 Quibus
1099 1683 1200 1758 qui
1257 1683 1577 1759 splendide
1633 1682 1726 1742 usi
1784 1693 1943 1756 sunt,
2000 1683 2056 1742 ei
2113 1683 2255 1742 mihi

350 1777 632 1836 videntur
659 1775 933 1835 fabulam
964 1777 1182 1837 aetatis
1211 1777 1520 1856 peregisse
1543 1796 1658 1837 nec
1687 1788 1999 1855 tamquam
2031 1777 2262 1838 inexer-

350 1873 517 1934 citati
545 1873 876 1934 histriones
904 1874 965 1932 in
995 1884 1266 1934 extremo
1298 1884 1437 1934 actu
1466 1874 1783 1934 corruisse.

428 1974 513 2032 At
542 1981 688 2032 sunt
719 1971 944 2033 morosi
978 1981 1040 2034 et
1075 1972 1238 2032 anxii
1267 1981 1328 2032 et
1358 1971 1632 2032 iracundi
1662 1982 1722 2032 et
1752 1972 2029 2034 difficiles
2059 1991 2257 2034 senes.
2289 1977 2362 2051 65

351 2071 415 2131 Si
443 2071 812 2149 quaerimus,
845 2071 1028 2131 etiam
1069 2072 1234 2131 avari
1255 2093 1273 2146 3
1314 2071 1424 2130 sed
1465 2072 1618 2131 haec
1646 2089 1880 2130 morum
1910 2071 2054 2131 vitia
2097 2081 2256 2145 sunt,

351 2190 471 2230 non
511 2153 866 2231 senectutis.
953 2171 1047 2229 Ac
1086 2167 1410 2228 morositas
1451 2178 1654 2228 tamen
1693 2178 1754 2227 et
1792 2187 1867 2228 ea
1904 2168 2067 2242 vitia,
2099 2187 2258 2245 quae

348 2269 489 2343 dixi,
547 2269 781 2328 habent
838 2265 1067 2344 aliquid
1123 2264 1553 2339 excusationiS‚
1613 2284 1736 2324 non
1795 2264 1954 2325 illius
2011 2266 2256 2342 quidem

348 2367 561 2441 iustae,
607 2367 717 2427 sed
763 2385 920 2444 quae
964 2365 1208 2443 probari
1251 2383 1434 2442 posse
1476 2364 1788 2424 videatur:
1838 2363 2148 2423 contemni
2192 2382 2258 2423 se

346 2474 583 2541 putant,
605 2465 856 2542 despici,
878 2462 1049 2523 illudi
1071 2484 1089 2538 ;
1139 2472 1451 2540 praeterea
1471 2460 1533 2520 in
1551 2462 1747 2539 fragili
1771 2479 2022 2538 corpore
2043 2462 2259 2521 odiosa

348 2562 546 2621 omnis
576 2562 839 2622 offensio
868 2572 962 2622 est
982 2584 1000 2636 ς
1057 2579 1214 2638 quae
1245 2570 1449 2619 tamen
1481 2558 1685 2618 omnia
1714 2558 1987 2618 dulciora
2015 2558 2167 2618 fiunt
2197 2570 2259 2618 et

348 2658 617 2718 moribus
666 2659 847 2719 bonis
897 2670 959 2719 et
1010 2659 1256 2731 artibuS,
1310 2657 1494 2733 idque
1543 2674 1680 2714 cum
1731 2655 1789 2714 in
1843 2656 1968 2715 vita
2019 2667 2143 2715 tum
2195 2655 2256 2714 in

348 2773 571 2814 scaena
606 2755 877 2833 intellegi
919 2768 1125 2833 potest
1164 2775 1239 2815 ex
1274 2755 1363 2814 eis
1403 2753 1690 2813 fratribus
1719 2753 1822 2829 qui
1865 2752 1925 2810 in
1957 2751 2257 2829 Adelphis

348 2860 506 2911 sunt.
590 2852 839 2926 Quanta
867 2855 928 2911 in
961 2854 1154 2912 altero
1189 2853 1418 2924 diritaS,
1452 2850 1512 2909 in
1554 2851 1744 2910 altero
1782 2849 2071 2909 comitas!
2158 2849 2259 2909 Sic

348 2967 414 3008 se
444 2966 542 3008 res
580 2949 801 3008 habet:
863 2958 929 3007 ut
968 2949 1126 3007 enim
1161 2969 1281 3008 non
1316 2967 1497 3009 omne
1528 2947 1750 3018 vinum,
1780 2943 1870 3006 sic
1900 2966 2023 3006 non
2059 2946 2257 3006 omnis

347 3057 566 3106 natura
614 3056 917 3104 vetustate
961 3047 1283 3105 coacescit.
1388 3044 1784 3105 Severitatem
1831 3044 1891 3101 in
1942 3054 2256 3103 senectute
2291 3063 2295 3067 '

347 3143 560 3220 prob0,
592 3142 701 3202 sed
731 3160 885 3213 eam,
908 3143 1063 3201 sicut
1093 3142 1227 3215 alia,
1261 3143 1561 3203 modicam
1589 3165 1605 3215 3
1663 3142 2059 3202 acerbitatem
2090 3142 2257 3201 nulio

349 3241 533 3300 modo
553 3261 573 3315 3
627 3239 878 3299 avaritia
900 3258 1046 3298 vero
1070 3239 1277 3298 senilis
1302 3238 1449 3315 quid
1474 3241 1589 3300 sibi
1612 3241 1773 3312 velit,
1801 3258 1923 3299 non
1950 3238 2257 3317 intellego.

350 3340 562 3398 Potest
602 3336 765 3396 enim
809 3337 1134 3414 quicquam
1178 3354 1315 3395 esse
1359 3336 1682 3395 absurdius
1725 3355 1928 3412 quam,
1961 3356 2082 3414 quo
2123 3336 2258 3396 viae
2289 3339 2361 3395 66

350 3435 547 3495 minus
577 3444 780 3505 restet,
813 3452 887 3493 eo
916 3435 1055 3510 plus
1083 3432 1286 3491 viatici
1317 3436 1650 3507 quaerere?

428 3534 606 3593 XIX.
690 3531 929 3606 Quarta
962 3541 1153 3591 restat
1193 3548 1399 3601 causa,
1429 3548 1586 3607 quae
1629 3530 1891 3590 maxime
1919 3550 2146 3610 angere
2177 3541 2260 3590 at-
