2788 3999
399 316 496 371 IV.
534 315 623 390 13]
1118 316 1227 369 DE
1279 314 1689 369 AMICITIA.
2257 317 2290 383 5

392 485 732 545 incredibili
787 484 1008 544 virtute
1065 484 1413 561 superavit3
1480 483 1583 561 qui
1638 483 2020 542 consulatum
2082 481 2298 560 petivit

392 602 741 660 numquam,
784 584 982 642 factus
1025 582 1239 641 consul
1270 592 1364 640 est
1406 581 1519 655 bis,
1549 581 1807 658 primurn
1852 591 1993 639 ante
2036 590 2293 657 tempuS,

390 680 603 739 iterum
648 679 764 738 sibi
807 698 918 739 suo
949 690 1239 755 tempore,
1275 679 1359 737 rei
1405 678 1684 754 publicae
1725 696 1921 754 paene
1964 697 2100 737 sero
2121 700 2139 753 3
2193 679 2296 755 qui

390 777 626 837 duabus
657 776 909 837 urbibus
942 776 1177 834 eversis
1220 775 1650 834 inimicissimis
1693 775 1833 834 huic
1876 776 2127 852 imperio
2172 795 2295 835 non

390 874 573 933 modo
630 873 992 950 praesentia,
1052 890 1257 930 verum
1315 873 1498 931 etiam
1555 873 1763 931 futura*
1813 872 1976 931 bella
2030 872 2294 934 delevit?

390 969 552 1043 Quid
600 970 799 1028 dicam
850 969 928 1027 de
977 968 1245 1026 moribus
1294 968 1615 1040 facillimiS,
1662 968 1738 1026 de
1788 968 2015 1044 pietate
2061 968 2121 1026 in
2175 987 2295 1026 ma-

389 1077 557 1139 trem,
591 1066 952 1126 liberalitate
992 1066 1051 1123 in
1089 1083 1345 1137 sororeS,
1376 1064 1651 1124 bonitate
1681 1065 1741 1123 in
1772 1084 1934 1137 suOS,
1966 1065 2193 1125 iustitia
2231 1067 2291 1124 in

387 1164 623 1224 omnis?
707 1165 873 1222 Nota
916 1173 1056 1221 sunt
1087 1162 1278 1220 vobiS.
1366 1162 1569 1234 Quam
1614 1173 1815 1221 autem
1860 1162 2087 1221 civitati
2116 1181 2292 1222 carus

384 1260 585 1332 fuerit,
610 1278 880 1319 maerore
910 1259 1140 1318 funeris
1164 1258 1494 1317 indicatum
1526 1269 1636 1317 est.
1726 1259 1890 1332 Quid
1922 1259 2101 1336 igitur
2129 1260 2292 1319 hunc

385 1374 712 1434 paucorum
745 1375 1039 1415 annorum
1086 1356 1356 1415 accessio
1401 1355 1605 1413 iuvare
1649 1356 1989 1432 potuisset?
2077 1356 2294 1416 Senec·
2344 1347 2350 1353 ’

386 1464 483 1513 tus
525 1454 685 1513 enim
729 1452 1004 1531 quamvis
1050 1472 1172 1511 non
1219 1452 1297 1512 sit
1339 1452 1559 1530 gravis,
1592 1465 1657 1511 ut
1700 1453 1943 1511 memini
1990 1454 2289 1514 Catonern

385 1569 546 1609 anno
577 1562 736 1622 ante,
768 1569 950 1626 quam
982 1559 1077 1608 est
1115 1560 1406 1620 mortuuS,
1441 1567 1675 1608 mecum
1719 1561 1780 1607 et
1822 1569 1959 1608 cum
2007 1549 2290 1626 Scipione

383 1649 699 1721 disserere,
745 1658 949 1706 tamen
994 1649 1189 1706 aufert
1233 1666 1367 1705 earn
1412 1647 1794 1719 viriditatem,
1839 1648 1900 1705 in
1944 1666 2065 1724 qua
2106 1647 2288 1706 etiam

383 1764 545 1805 nunc
574 1756 704 1804 erat
736 1745 957 1822 Scipio.
1043 1745 1242 1817 Quam
1288 1744 1367 1803 ob
1399 1762 1522 1802 rem
1556 1745 1679 1802 vita
1707 1745 1951 1821 quidem
1995 1744 2134 1803 talis
2176 1745 2290 1804 fuit

382 1845 478 1903 vel
521 1844 766 1902 fortuna
795 1843 887 1901 vel
931 1842 1141 1920 gloria,
1188 1852 1252 1900 ut
1297 1842 1443 1900 nihil
1487 1853 1697 1918 posset
1740 1842 2032 1901 accedere
2050 1863 2070 1916 3
2115 1843 2290 1901 mori·

383 1940 524 2001 endi
557 1952 757 1999 autem
789 1958 1033 1999 sensum
1079 1939 1359 1998 celeritas
1405 1939 1672 1998 abstulit.
1760 1940 1900 2013 Quo
1945 1939 2021 1997 de
2064 1957 2286 2016 genere

383 2039 592 2098 mortis
649 2038 892 2097 difficile
950 2038 1115 2097 dictu
1171 2048 1265 2097 est
1286 2059 1304 2111 3
1368 2038 1513 2114 quid
1569 2038 1847 2096 homines
1904 2037 2288 2112 suspicentur

381 2132 637 2192 videtis:
700 2133 816 2191 hoc
865 2151 1006 2192 vere
1063 2143 1267 2191 tamen
1326 2133 1467 2191 licet
1510 2134 1730 2204 dicere,
1778 2136 1841 2194 P.
1893 2133 2161 2209 Scipioni
2212 2151 2288 2192 ex

384 2230 588 2289 multis
632 2230 865 2301 diebuS,
896 2248 1050 2307 quos
1080 2230 1140 2287 in
1172 2230 1295 2288 vita
1330 2230 1757 2291 celeberrimos
1802 2233 2287 2312 laetissimosque

382 2328 615 2398 viderit,
660 2327 827 2386 illurn
857 2328 1016 2386 diem
1060 2327 1459 2387 clarissimum
1500 2328 1706 2402 fuisse,
1751 2348 1889 2389 cum
1933 2342 2148 2408 senatu
2193 2332 2281 2391 di·

382 2426 569 2485 misso
598 2426 842 2486 domum
869 2426 1153 2485 reductus
1183 2437 1277 2485 est
1316 2427 1392 2485 ad
1423 2446 1738 2504 vesperum
1771 2448 1807 2487 a
1835 2428 2110 2506 patribus
2147 2448 2288 2488 con-

381 2523 639 2602 scriptis,
669 2524 897 2602 populo
936 2526 1238 2598 Romano,
1268 2525 1450 2584 sociis
1494 2537 1553 2584 et
1599 2526 1848 2600 Latinis,
1881 2527 2074 2605 pridie
2104 2547 2285 2605 quam

382 2622 644 2683 excessit
672 2642 706 2682 e
735 2623 876 2696 vita,
906 2632 974 2683 ut
1002 2642 1076 2682 ex
1105 2634 1228 2683 tarn
1261 2625 1385 2684 alto
1416 2624 1726 2702 dignitatis
1763 2626 1955 2703 gradu
1996 2626 2073 2684 ad
2115 2645 2288 2704 supe·

381 2738 482 2779 ros
511 2718 788 2779 videatur
815 2720 966 2779 deos
996 2720 1198 2797 potius
1228 2739 1410 2797 quam
1444 2721 1521 2780 ad
1552 2721 1780 2781 inferos
1809 2722 2177 2799 pervenisse.

463 2818 570 2877 IV.
655 2819 874 2894 Neque
904 2816 1064 2876 enim
1108 2818 1418 2877 adsentior
1459 2818 1564 2890 eis,
1598 2819 1700 2894 qui
1744 2838 1936 2896 nuper
1978 2821 2129 2879 haec
2173 2820 2288 2880 dis·

382 2933 581 2975 serere
610 2924 961 2991 coeperunt,
992 2933 1129 2973 cum
1161 2915 1516 2991 corporibus
1546 2915 1723 2974 simul
1767 2916 2002 2976 animos
2045 2917 2287 2977 interire

383 3023 564 3089 atque
594 3010 800 3070 omnia
836 3021 1028 3070 morte
1072 3011 1276 3070 deleri.
1366 3013 1511 3071 Plus
1556 3013 1718 3089 apud
1763 3032 1857 3072 me
1903 3014 2286 3091 antiquorum

383 3108 713 3169 auctoritas
759 3109 937 3182 valet,
990 3108 1086 3168 vel
1134 3119 1479 3169 nostrorum
1529 3111 1838 3181 maiorum,
1886 3111 1988 3188 qui
2035 3112 2288 3172 mortuis

383 3217 505 3265 tam
554 3206 836 3284 religiosa
881 3206 1010 3264 iura
1053 3206 1408 3278 tribuerunt,
1441 3208 1606 3284 quod
1654 3227 1774 3267 non
1822 3209 2111 3269 fecissent
2155 3229 2289 3287 pro·

380 3301 561 3374 fect0‚
594 3301 645 3361 si
675 3300 820 3359 nihil
858 3302 937 3360 ad
980 3319 1087 3360 eos
1115 3301 1418 3378 pertinere
1462 3303 1909 3376 arbitrarentur,
1940 3304 2036 3362 vel
2079 3324 2286 3364 eorum

383 3398 487 3476 qui
532 3398 592 3456 in
638 3398 755 3458 hac
801 3408 961 3458 terra
1004 3398 1245 3458 fuerunt
1291 3418 1697 3476 magnamque
1744 3401 2081 3473 Graeciam,
2129 3421 2287 3479 quae

384 3514 545 3555 nunc
574 3496 817 3573 quidem
848 3496 1051 3555 deleta
1085 3506 1193 3569 est,
1226 3505 1349 3554 tum
1382 3496 1656 3569 florebat,
1688 3497 1975 3558 institutis
2018 3509 2080 3558 et
2121 3517 2288 3576 prae·

2326 1765 2390 1804 12

2323 2840 2388 2898 13
