2788 3999
829 772 938 854 M.
988 773 1358 849 *TULLI
1438 766 2038 847 c1CER0N1s

991 986 1089 1094 L
1121 986 1238 1092 A
1280 988 1380 1091 E
1425 985 1608 1090 LI
1668 985 1767 1090 U
1814 983 1894 1091 S

1137 1233 1256 1292 DE
1312 1231 1750 1292 AMICITIA.

517 1544 566 1604 Ι.
652 1540 732 1615 Q.
785 1542 1045 1599 Muclus
1096 1555 1286 1613 augur
1334 1535 1527 1592 multa
1577 1550 1821 1591 narrare
1871 1531 1949 1591 de
2008 1533 2076 1592 C.
2131 1531 2397 1593 Laelio!

435 1657 648 1700 socero
677 1657 789 1697 suo
828 1635 1174 1696 memoriter
1216 1643 1277 1691 et
1321 1631 1584 1690 iucunde
1628 1614 1865 1689 solebat
1907 1647 2021 1688 nec
2063 1629 2341 1688 dubitare

436 1737 601 1795 illum
647 1735 707 1793 in
751 1733 914 1793 omni
958 1750 1239 1791 sermone
1285 1729 1594 1805 appellare
1636 1727 1991 1803 sapientem.
2081 1728 2211 1804 Ego
2242 1746 2342 1785 au-

436 1844 556 1891 tem
601 1851 637 1890 a
680 1841 851 1909 patre
898 1830 981 1889 ita
1023 1847 1187 1887 eram
1233 1827 1534 1886 deductus
1579 1825 1656 1883 ad
1704 1824 2058 1882 Scaevolam
2103 1833 2345 1899 sumpta

435 1929 589 1988 virili
632 1938 793 2007 toga,
838 1937 921 1998 ut,
967 1925 1171 2004 quoad
1215 1940 1462 2001 possem
1506 1932 1568 1980 et
1608 1920 1833 1992 liceret,
1866 1939 1901 1978 a
1946 1921 2109 1979 senis
2154 1921 2340 1979 latere

438 2045 766 2103 numquam
803 2024 1197 2083 discederem.
1287 2023 1503 2099 Itaque
1545 2022 1734 2080 multa
1776 2022 1854 2080 ab
1898 2039 1972 2079 eo
2015 2021 2345 2097 prudenter

438 2125 765 2200 disputata,
797 2122 988 2181 multa
1032 2121 1216 2180 etiam
1260 2119 1524 2178 breviter
1558 2130 1620 2177 et
1654 2119 1973 2178 commode
2017 2119 2182 2177 dicta
2223 2137 2345 2176 me-

438 2221 665 2279 moriae
722 2219 1108 2290 mandabam,
1155 2218 1408 2294 fierique
1456 2217 1778 2276 studebam
1835 2217 1965 2276 eius
2023 2217 2346 2294 prudentia

440 2319 694 2377 doctior.
796 2316 937 2390 Quo
996 2325 1232 2374 mortuo
1291 2333 1386 2374 me
1446 2314 1523 2373 ad
1580 2315 1929 2391 pontificem
1990 2315 2345 2373 Scaevolam

441 2414 686 2487 contuli,
719 2431 899 2490 quem
945 2431 1128 2475 unum
1175 2422 1420 2470 nostrae
1465 2412 1725 2470 civitatis
1770 2424 1831 2470 et
1870 2412 2114 2490 ingenio
2144 2410 2349 2475 etius-

441 2512 573 2570 titia
600 2509 1186 2588 praestantissimum
1230 2510 1429 2568 audeo
1460 2509 1679 2568 dicere.
1771 2510 1892 2568 Sed
1922 2509 1999 2568 de
2030 2510 2147 2568 hoc
2176 2508 2346 2579 alias,

445 2628 603 2668 nunc
645 2608 831 2667 redeo
875 2608 952 2666 ad
997 2626 1301 2685 augurem.
1392 2608 1546 2667 Cum
1594 2626 1777 2684 saepe
1820 2607 2027 2681 multa,
2060 2616 2186 2665 tum
2231 2624 2349 2663 me-
2379 2625 2407 2663 2

442 2706 588 2765 mini
631 2705 796 2766 domi
839 2705 899 2763 in
942 2705 1299 2783 hemicyclio
1345 2704 1679 2778 sedentem,
1712 2717 1777 2763 ut
1821 2705 2075 2777 solebat,
2107 2723 2243 2764 cum
2286 2714 2348 2762 et

444 2824 558 2882 ego
601 2822 796 2863 essem
842 2822 964 2861 una
1007 2813 1068 2862 et
1110 2803 1289 2880 pauci
1341 2802 1671 2862 admodum
1715 2803 2059 2876 familiares,
2106 2803 2166 2861 in
2210 2820 2346 2860 eum

444 2920 782 2961 sermonem
832 2900 999 2959 illum
1047 2901 1332 2972 incidere,
1378 2900 1483 2977 qui
1527 2911 1652 2959 tum
1697 2901 1825 2958 fere
1868 2899 2073 2959 multis
2116 2909 2245 2958 erat
2287 2901 2348 2957 in

445 3017 567 3059 ore.
640 2999 976 3058 Meministi
1006 3000 1166 3058 enim
1196 3000 1489 3076 profecto,
1519 2999 1737 3088 Qe,
1764 3008 1824 3057 et
1851 3017 1926 3057 eo
1949 2998 2157 3076 magis,
2184 2997 2350 3074 quod

448 3098 511 3155 P.
541 3096 808 3173 Sulpicio
832 3096 1082 3155 utebare
1112 3097 1387 3168 multum,
1414 3115 1550 3154 cum
1581 3095 1632 3155 is
1663 3097 1939 3155 tribunus
1968 3095 2165 3173 plebis
2195 3094 2352 3171 capi·

445 3193 551 3252 tali
582 3193 724 3252 odio
755 3212 791 3254 a
831 3191 906 3266 Q.
943 3194 1250 3270 Pompeio,
1283 3194 1385 3270 qui
1427 3203 1551 3251 tum
1582 3203 1712 3252 erat
1746 3193 1976 3263 consul,
2009 3192 2349 3263 dissideret,

446 3308 708 3367 quocum
751 3289 1241 3349 coniunctissime
1285 3300 1346 3348 et
1391 3291 1802 3349 amantissime
1841 3290 2089 3362 vixerat,
2121 3299 2351 3365 quanta

447 3396 611 3445 esset
647 3387 958 3445 hominum
988 3386 1084 3445 vel
1125 3386 1446 3445 admiratio
1476 3387 1571 3445 vel
1602 3387 1887 3465 querella.
1976 3390 2193 3463 Itaque
2223 3396 2351 3445 tum
2383 3403 2413 3462 3

453 3484 764 3556 Scaevola,
797 3503 930 3542 cum
972 3484 1032 3541 in
1073 3501 1207 3542 eam
1246 3483 1439 3561 ipsam
1479 3485 1849 3544 mentionem
1889 3483 2219 3556 incidisset,
2256 3501 2336 3542 ex-

933 3590 936 3594 *
1445 3591 1467 3630 1
