2788 3999
546 292 629 359 14
1211 290 1427 346 CATo
1478 291 1750 346 MA1oR
2239 290 2345 364 [x.
2373 307 2444 363 32

456 497 463 505 ·
534 478 744 522 senem
772 471 916 521 ante
945 480 1127 540 quam
1151 479 1370 522 essem.
1430 462 1647 539 Itaque
1678 478 1858 521 nemo
1886 460 2089 522 adhuc
2113 463 2442 524 convenire

422 577 503 637 33
531 577 630 619 me
656 559 848 620 voluit
877 559 974 620 cui
1002 559 1216 618 fuerim
1249 569 1601 636 occupatus.
1657 561 1740 618 At
1768 558 1969 619 minus
1998 559 2199 620 habeo
2227 559 2442 621 virium

533 677 717 736 quam
760 668 1026 719 vestrum
1068 657 1311 717 utervis.
1399 658 1496 716 Ne
1537 674 1649 716 vos
1692 656 1937 734 quidem
1968 656 2256 716 T.‹P0nti
2299 676 2440 718 cen·

531 754 787 814 tutionis
808 755 951 815 viris
980 754 1257 815 habetis:
1302 772 1446 814 num
1477 752 1703 813 idcirco
1734 761 1828 812 est
1856 752 1959 812 ille
1988 755 2441 830 praestantior?

532 852 882 912 Moderatio
911 853 1095 912 modo
1125 851 1339 911 virium
1368 850 1529 910 adsit
1555 859 1618 910 et
1646 859 1881 909 tantum
1912 859 2204 927 quantum
2235 861 2442 929 potest

529 949 792 1028 quisque
822 950 1063 1023 nitatur,
1097 967 1174 1009 ne
1216 949 1318 1008 ille
1363 967 1485 1007 non
1530 966 1752 1026 magno
1797 946 2103 1007 desiderio
2133 947 2441 1009 tenebitur

528 1046 762 1107 virium.
863 1047 1182 1126 Olympiae
1238 1064 1348 1124 per
1404 1045 1668 1106 stadium
1725 1045 2062 1123 ingressus
2092 1062 2230 1105 esse
2282 1046 2439 1106 Milo

527 1142 766 1217 dicitur,
797 1163 934 1204 cum
963 1144 1187 1203 umeris
1216 1143 1543 1203 sustineret
1571 1142 1826 1202 bovem:
1870 1151 2071 1201 utrum
2114 1140 2295 1222 igitur
2321 1144 2439 1204 has

527 1241 799 1319 corporis
845 1262 924 1300 an
980 1242 1363 1321 Pythagorae
1418 1238 1528 1300 tibi
1587 1240 1764 1300 malis
1813 1238 1956 1298 viris
2005 1237 2212 1319 ingeni
2259 1241 2438 1303 dari?

467 1396 471 1402 .
530 1335 812 1414 Denique
867 1336 985 1396 isto
1040 1336 1206 1396 bono
1261 1345 1451 1409 utare,
1505 1334 1650 1394 dum
1708 1334 1884 1409 adsit,
1933 1354 2070 1395 cum
2128 1334 2305 1409 absit,
2357 1354 2437 1396 ne

528 1434 836 1512 requiras:
910 1433 1026 1493 nisi
1084 1432 1235 1492 forte
1293 1432 1721 1493 adulescentes
1788 1431 2127 1509 pueritiam,
2185 1433 2435 1512 paulum

528 1541 730 1593 aetate
758 1531 1063 1610 progressi
1092 1528 1570 1591 adulescentiam
1601 1530 1829 1595 debent
1872 1529 2194 1607 requirere.
2280 1532 2433 1592 Cur-

527 1650 633 1692 sus
663 1642 757 1692 est
785 1640 986 1692 certus
1016 1629 1234 1700 aetatis
1263 1638 1324 1688 et
1352 1647 1477 1688 una
1503 1627 1602 1687 via
1630 1637 1883 1687 naturae
1914 1646 2110 1706 eaque
2153 1627 2430 1708 simplex,

528 1746 760 1806 suaque
791 1726 1008 1804 cuique
1038 1725 1193 1803 parti
1224 1725 1442 1785 aetatis
1470 1724 1914 1802 tempestivitas
1944 1735 2037 1785 est
2066 1725 2229 1798 data,
2261 1735 2329 1786 ut
2371 1737 2433 1787 et

526 1823 844 1885 infirmitas
895 1841 1215 1901 puerorum
1265 1832 1327 1882 et
1372 1822 1662 1882 ferocitas
1712 1820 1996 1882 iuvenum
2049 1831 2110 1882 et
2163 1823 2432 1901 gravitas

512 1920 645 1981 iam
687 1919 1027 1981 constantis
1071 1919 1288 1979 aetatis
1320 1928 1382 1980 et
1410 1919 1744 1980 senectutis
1789 1919 2106 1981 maturitas
2150 1923 2429 1983 naturale

419 2039 498 2098 34
526 2019 816 2098 quiddam
845 2019 1047 2092 habet,
1080 2020 1245 2097 quod
1274 2038 1385 2079 suo
1415 2029 1689 2097 tempore
1718 2016 1947 2098 percipi
1977 2020 2218 2082 debeat.
2304 2024 2433 2082 Au·

524 2117 654 2180 dire
704 2127 765 2178 te
815 2117 1089 2192 arbitror,
1135 2117 1356 2196 Scipio,
1389 2118 1615 2196 hospes
1662 2128 1801 2179 tuus
1850 2118 2047 2179 avitus
2096 2118 2432 2181 Masinissa

525 2235 684 2296 quae
711 2216 897 2277 saciat
924 2215 1107 2276 hodie
1147 2217 1482 2294 nonaginta
1526 2227 1704 2276 natus
1749 2236 1976 2277 annos:
2018 2235 2157 2276 cum
2200 2215 2428 2296 ingres-

523 2334 629 2376 sus
657 2314 770 2375 iter
797 2314 1056 2392 pedibus
1086 2314 1181 2388 sit,
1213 2311 1276 2373 in
1315 2333 1539 2392 equum
1583 2315 1833 2375 omnino
1880 2334 2003 2375 non
2052 2313 2387 2375 ascendere
2413 2336 2432 2391 3

521 2430 659 2473 cum
684 2422 883 2471 autem
916 2430 1094 2490 equo,
1125 2432 1202 2472 ex
1229 2430 1390 2490 equo
1421 2431 1542 2471 non
1574 2411 1950 2472 descendere
1976 2432 1994 2486 3
2034 2411 2202 2471 nullo
2231 2410 2428 2486 imbri,

523 2510 693 2570 nullo
741 2510 962 2587 frigore
1020 2508 1243 2569 adduci
1298 2519 1365 2570 ut
1422 2508 1622 2587 capite
1677 2519 1893 2587 operto
1945 2509 2071 2582 sit3
2128 2527 2427 2570 summam

521 2624 659 2666 esse
704 2606 766 2666 in
812 2626 886 2666 eo
932 2605 1204 2684 corporis
1249 2605 1603 2680 siccitatem,
1654 2605 1860 2683 itaque
1915 2605 2123 2665 omnia
2174 2606 2429 2684 exsequi

521 2703 682 2783 regis
727 2704 927 2763 officia
970 2712 1032 2763 et
1085 2721 1358 2763 munera.
1462 2704 1676 2763 Potest
1725 2702 1906 2782 igitur
1955 2701 2308 2763 exercitatio
2365 2713 2429 2763 et

523 2801 926 2878 temperantia
992 2796 1196 2859 etiam'
1248 2798 1309 2858 in
1379 2809 1696 2860 senectute
1764 2817 2127 2861 conservare
2196 2799 2429 2878 aliquid

518 2893 757 2973 pristini
798 2894 1052 2955 roboris,
1728 2895 1737 2907 ⁸

601 2992 717 3053 XI.
801 2994 897 3051 Ne
927 2990 1136 3051 sintin
1168 3001 1484 3053 senectute
1512 2989 1709 3052 virest
1751 3009 1829 3052 ne
1872 2992 2261 3069 postulantur
2303 2991 2429 3071 qui-

519 3090 663 3152 dem
709 3089 869 3150 vires
919 3109 957 3150 a
997 3099 1330 3150 senectute.
1418 3091 1582 3168 Ergo
1631 3098 1693 3150 et
1740 3089 1977 3168 legibus
2026 3100 2089 3150 et
2133 3088 2427 3152 institutis

519 3199 699 3249 vacat
743 3198 913 3248 aetas
969 3197 1179 3248 nostra
1234 3188 1587 3249 muneribus
1637 3186 1725 3248 eis
1773 3206 1933 3267 quae
1990 3207 2114 3249 non
2165 3199 2427 3266 possunt

521 3285 654 3346 sine
701 3285 928 3346 viribus
985 3284 1289 3346 sustineri.
1377 3288 1596 3363 Itaque
1653 3304 1776 3345 non
1834 3287 2018 3346 modo
2076 3286 2244 3363 quod
2300 3304 2427 3346 non

520 3402 860 3461 possumus,
894 3383 1004 3444 sed
1035 3402 1111 3442 ne
1141 3393 1435 3461 quantum
1477 3401 1801 3461 possumus
1843 3383 2090 3461 quidem
2133 3381 2425 3462 cogimur.

414 3498 450 3560 3
454 3498 489 3562 5
521 3483 610 3542 At
635 3481 807 3543 multi
832 3482 920 3543 ita
963 3491 1106 3543 sunt
1149 3479 1437 3542 imbecilli
1480 3499 1682 3556 seneS,
1726 3489 1794 3542 ut
1836 3481 2069 3541 nullum
2114 3480 2277 3542 offici
2319 3490 2425 3572 aut
