2788 3999
367 328 505 388 x11.
529 328 627 405 43]
1103 331 1214 383 DE
1266 329 1670 383 AM1c1T1A.
2197 332 2274 396 17

364 502 547 562 locati
582 521 809 574 sumuS‚
839 511 906 561 ut
949 520 1062 561 nos
1105 502 1286 578 longe
1328 500 1679 579 prospicere
1720 509 2002 577 oporteat
2036 500 2276 561 futuros

363 619 544 661 casus
598 600 685 658 rei
755 599 1055 676 publicae.
1164 597 1429 657 Deflexit
1499 598 1618 656 iam
1691 598 2132 674 aliquantulum
2194 598 2274 656 de

365 697 563 774 spatio
591 696 1013 773 curriculoque
1040 696 1421 755 consuetudo
1444 695 1756 755 maiorum.
1834 696 1926 754 Ti.
1961 696 2277 754 Gracchus
2304 711 2372 769 41

365 813 616 873 regnum
667 813 968 871 occupare
1018 804 1277 853 conatus
1322 803 1435 867 est,
1467 793 1563 851 vel
1610 793 1887 871 regnavit
1929 792 1980 852 is
2027 793 2273 869 quidem

365 911 595 968 paucos
643 910 903 951 menses
995 894 1157 951 Num
1207 890 1354 967 quid
1404 890 1600 949 simile
1646 891 1911 967 populus
1957 891 2275 949 Romanus

367 989 642 1048 audierat
685 999 790 1047 aut
818 989 1095 1048 viderat?
1183 990 1372 1046 Hunc
1402 987 1587 1046 etiam
1630 997 1771 1063 post
1801 998 2057 1046 mortem
2081 984 2275 1045 secuti

367 1085 544 1144 amici
587 1095 650 1145 et
688 1084 1016 1162 propinqui
1058 1084 1205 1161 quid
1248 1084 1310 1142 in
1356 1085 1424 1143 P.
1457 1083 1744 1160 Scipione
1782 1082 2112 1155 effecerint,
2143 1083 2275 1142 sine

366 1182 627 1241 lacrimis
659 1201 782 1241 non
813 1200 974 1259 queo
1003 1182 1222 1241 dicere.
1298 1183 1459 1240 Nam
1492 1181 1859 1248 Carbonem,
1890 1198 2275 1256 quocumque

364 1280 548 1338 modo
582 1280 907 1357 potuimuS‚
938 1291 1188 1357 propter
1217 1289 1524 1339 recentem
1575 1296 1837 1356 poenam
1888 1278 1983 1336 Ti.
2013 1277 2276 1337 Gracchi

365 1376 781 1437 sustinuimus.
887 1378 982 1435 De
1040 1377 1111 1436 C.
1168 1375 1431 1435 Gracchi
1498 1386 1698 1435 autem
1764 1376 2072 1435 tribunatu
2128 1374 2277 1454 quid

364 1483 714 1551 exspectem
749 1493 873 1533 non
904 1474 1052 1532 libet
1082 1472 1405 1551 augurari:
1469 1472 1657 1549 serpit
1700 1473 1921 1531 deinde
1966 1491 2078 1544 res,
2118 1491 2276 1549 quae

363 1570 649 1647 proclivis
678 1571 756 1630 ad
788 1571 1137 1648 perniciem,
1175 1589 1311 1629 curn
1356 1570 1545 1629 semel
1589 1570 1807 1647 coepit,
1854 1571 2091 1631 labitur.
2178 1569 2280 1628 Vi-

364 1667 521 1727 detis
550 1661 622 1726 'in
669 1668 897 1726 tabella
942 1668 1062 1726 iam
1106 1677 1250 1726 ante
1294 1678 1529 1744 quanta
1558 1666 1636 1726 sit
1664 1668 1829 1726 facta
1859 1667 2049 1740 labeS,
2082 1667 2276 1744 primo

364 1762 630 1822 Gabinia
671 1762 822 1840 lege,
867 1762 1117 1822 biennio
1160 1775 1359 1820 autern
1405 1772 1548 1839 post
1579 1762 1812 1822 Cassia.
1901 1762 2126 1821 Videre
2156 1762 2275 1821 iam

363 1860 574 1919 videor
622 1860 914 1937 populum
965 1879 1003 1918 a
1048 1870 1266 1920 senatu
1316 1858 1705 1932 disiunctum,
1737 1859 2139 1918 multitudinis
2190 1878 2278 1916 ar-

363 1956 543 2017 bitrio
587 1975 684 2017 res
730 1958 1025 2017 maximas
1061 1958 1173 2036 agi.
1262 1957 1476 2017 Plures
1508 1956 1668 2016 enim
1700 1956 1952 2028 discent,
1987 1974 2164 2033 quem
2196 1956 2276 2017 ad

363 2056 611 2115 modum
640 2056 791 2116 haec
814 2056 982 2130 fiant,
1008 2076 1192 2134 quam
1222 2075 1406 2134 quem
1437 2056 1515 2115 ad
1541 2056 1785 2116 modum
1817 2055 1911 2113 his
1940 2055 2272 2114 resistatur.

364 2151 671 2226 Quorsum
718 2154 915 2213 haec?
998 2153 1159 2228 Quia
1205 2155 1336 2214 sine
1373 2154 1557 2214 sociis
1589 2172 1767 2212 nemo
1799 2152 2120 2228 quicquam
2153 2152 2273 2211 tale
2303 2171 2375 2227 42

363 2262 635 2312 conatur.
722 2252 1227 2330 Praecipiendum
1273 2262 1366 2312 est
1417 2252 1597 2330 igitur
1630 2250 1827 2321 boniS‚
1858 2260 1940 2322 ut,
1973 2248 2024 2308 si
2054 2249 2114 2307 in
2145 2249 2274 2309 eius

363 2349 528 2408 modi
574 2350 872 2410 amicitias
919 2352 1112 2429 ignari
1157 2371 1304 2412 casu
1352 2352 1558 2427 aliquo
1604 2348 1942 2420 inciderint,
1977 2366 2053 2407 ne
2083 2348 2282 2407 existi-

363 2457 529 2506 ment
571 2449 655 2507 ita
698 2468 763 2508 se
808 2449 1109 2527 alligatos,
1138 2460 1206 2508 ut
1248 2449 1326 2509 ab
1366 2449 1577 2509 amicis
1623 2449 1684 2507 in
1726 2467 1947 2526 magna
1977 2448 2179 2525 aliqua
2209 2467 2273 2508 re

360 2545 607 2622 publica
662 2547 1060 2623 peccantibus
1120 2567 1238 2607 non
1287 2549 1651 2622 discedant3
1721 2546 2012 2624 improbis
2069 2556 2271 2607 autem

361 2661 562 2720 poena
591 2644 916 2703 statuenda
945 2656 1054 2711 est,
1085 2663 1198 2703 nec
1226 2663 1372 2705 vero
1404 2646 1598 2704 minor
1626 2645 1714 2705 eis
1744 2647 1845 2722 qui
1876 2646 2068 2705 secuti
2096 2655 2273 2705 erunt

364 2741 635 2812 alterum,
689 2760 870 2817 quam
922 2742 1010 2801 eis
1067 2743 1169 2819 qui
1228 2742 1341 2819 ipsi
1393 2743 1620 2802 fuerint
1676 2744 2003 2820 impietatis
2061 2744 2268 2804 duces.

362 2836 516 2910 Quis
567 2838 786 2897 clarior
831 2839 891 2895 in
943 2839 1201 2897 Graecia
1251 2841 1684 2914 Themistocle,
1733 2842 1869 2917 quis
1918 2842 2273 2919 potentior?

362 2933 483 3007 Qui
534 2954 668 2994 cum
721 2936 1048 3013 imperator
1096 2938 1262 2996 bello
1314 2939 1560 2998 Persico
1610 2940 1899 2999 servitute
1948 2941 2268 3000 Graeciam

361 3031 740 3093 liberavisset
791 3044 1158 3111 propterque
1209 3035 1497 3093 invidiam
1550 3036 1611 3094 in
1658 3037 1933 3096 exsilium
1981 3038 2271 3115 expulsus

361 3140 541 3203 esset,
594 3129 868 3207 ingratae
918 3131 1150 3208 patriae
1201 3131 1479 3190 iniuriam
1532 3152 1655 3191 non
1703 3134 1857 3206 tulit,
1899 3153 2079 3211 quam
2110 3136 2269 3193 ferre

361 3227 606 3286 debuit:
664 3227 811 3286 fecit
839 3228 1000 3286 idem
1052 3228 1218 3304 quod
1267 3229 1481 3305 viginti
1532 3230 1709 3288 annis
1758 3243 1899 3289 ante
1951 3231 2114 3307 apud
2154 3250 2268 3290 nos

359 3324 588 3382 fecerat
619 3324 1000 3383 Coriolanus,
1077 3325 1196 3383 His
1227 3325 1469 3384 adiutor
1510 3336 1723 3384 contra
1766 3328 2018 3403 patriam
2065 3327 2269 3386 inven-

362 3431 459 3480 tus
509 3430 604 3480 est
652 3439 875 3492 nemo;
937 3421 1141 3497 itaque
1193 3433 1446 3480 mortem
1500 3423 1614 3481 sibi
1646 3434 1900 3501 uterque
1950 3424 2262 3485 conscivit.

360 3518 503 3593 Qua
545 3535 611 3575 re
658 3518 798 3577 talis
849 3518 1257 3594 improborum
1309 3519 1635 3578 consensio
1685 3539 1810 3578 non
1859 3520 2043 3579 modo
2093 3539 2266 3579 excu-
2295 3539 2367 3597 43
