2788 3999
434 336 562 388 xx.
595 338 690 405 72]
1120 332 1230 385 DE
1280 332 1685 385 AM1C1T1A.
2251 329 2325 395 27

429 524 564 564 esse
595 504 881 568 inferiori.
971 504 1167 581 Saepe
1198 503 1359 561 enim
1389 500 1787 560 excellentiae
1830 501 2131 578 quaedam
2174 508 2335 571 sunt,

429 603 624 678 qualis
681 612 811 661 erat
875 601 1172 677 Scipionis
1223 601 1284 658 in
1335 610 1565 670 nostro,
1617 608 1685 657 ut
1734 598 1820 657 ita
1869 598 2083 670 dicam,
2134 614 2337 675 grege.

430 701 778 777 Numquam
810 717 873 759 se
919 698 1020 756 ille
1067 698 1261 770 Philo,
1309 715 1638 773 numquam
1687 695 1955 772 Rupilio,
2002 712 2336 771 numquam

430 797 728 855 Mummio
764 795 1121 872 anteposuit,
1155 812 1483 871 numquam
1516 792 1816 852 inferioris
1845 792 2077 851 ordinis
2106 791 2335 854 amicis⁸

428 894 508 968 Q.
563 914 707 954 vero
767 894 1103 953 Maximum
1153 894 1420 966 fratrem,
1470 892 1772 969 egregium
1826 888 2017 951 virum
2069 891 2336 966 omninO,

427 993 542 1051 sibi
594 1010 979 1073 nequaquam
1027 1010 1253 1068 parem,
1300 991 1465 1067 quod
1510 990 1560 1048 is
1606 989 1879 1048 anteibat
1923 998 2140 1063 aetate,
2187 1001 2338 1049 tam-

428 1109 608 1166 quam
640 1074 1011 1166 superiorem
1048 1089 1289 1148 colebat
1331 1106 1598 1163 suosque
1646 1087 1843 1146 omnis
1889 1105 1998 1163 per
2044 1107 2109 1147 se
2155 1109 2338 1167 posse

426 1206 562 1246 esse
594 1187 917 1265 ampliores
940 1187 1201 1246 volebat.
1276 1185 1459 1259 Quod
1482 1184 1826 1243 faciendum
1855 1184 2337 1266 imitandumque
2371 1207 2442 1267 70

427 1292 519 1341 est
563 1282 865 1354 omnibns
906 1293 991 1354 ut,
1034 1282 1085 1341 si
1133 1300 1313 1357 quam
1361 1279 1798 1356 praestantiam
1850 1281 2087 1340 virtutis
2136 1284 2337 1362 ingeni

424 1381 707 1439 fortunae
744 1379 1060 1439 consecuti
1108 1388 1265 1451 sunt,
1318 1377 1668 1454 impertiant
1717 1396 1791 1436 ea
1837 1379 1963 1440 suis
2013 1382 2340 1442 communi-

428 1490 689 1557 centque
758 1498 894 1539 cum
952 1477 1282 1556 proximis;
1349 1487 1433 1548 ut,
1496 1476 1548 1535 si
1605 1477 1959 1554 parentibus
2026 1481 2153 1539 nati
2218 1481 2340 1541 sint

426 1577 769 1650 humilibuS‚
796 1576 849 1636 si
876 1575 1251 1654 propinquos
1281 1576 1551 1634 habeant
1584 1575 1979 1636 imbecilliore
2009 1578 2106 1637 vel
2137 1572 2338 1639 animo

426 1678 519 1736 vel
550 1679 813 1749 fortuna,
845 1695 1051 1735 eorum
1098 1685 1363 1754 augeant
1407 1693 1557 1753 opes
1604 1674 1813 1751 eisque
1857 1676 2073 1735 honori
2116 1676 2237 1736 sint
2278 1686 2340 1736 et

426 1773 746 1851 dignitati:
805 1783 873 1833 ut
902 1773 960 1831 in
992 1762 1232 1845 fabulis,
1266 1772 1369 1850 qui
1402 1771 1774 1848 aliquamdiu
1817 1782 2067 1849 propter
2108 1773 2340 1851 ignora-

426 1872 649 1931 tionem
682 1871 885 1949 stirpis
916 1881 976 1929 et
1005 1870 1246 1948 generis
1278 1870 1337 1929 in
1384 1870 1680 1929 famulatu
1725 1870 1989 1941 fuerunt,
2022 1889 2158 1929 cum
2204 1886 2340 1948 cog-

426 1971 534 2032 niti
566 1980 708 2032 sunt
737 1981 798 2030 et
828 1978 943 2035 aut,
962 1969 1212 2028 deorum
1246 1978 1350 2028 aut
1394 1987 1606 2047 regum
1650 1968 1756 2027 filii
1800 1968 2045 2042 inventi,
2079 1968 2341 2028 retinent

425 2079 629 2129 tamen
661 2069 972 2130 caritatem
1006 2068 1065 2125 in
1097 2076 1391 2144 pastoreS,
1427 2087 1581 2144 quos
1626 2077 1832 2145 patres
1876 2068 2099 2126 multos
2144 2086 2339 2126 annos

424 2186 561 2227 esse
592 2167 911 2225 duxerunt.
996 2161 1181 2238 Quod
1212 2176 1305 2225 est
1336 2164 1528 2224 multo
1561 2165 1839 2242 profecto
1869 2164 2060 2242 magis
2090 2164 2148 2222 in
2179 2164 2337 2222 veris

425 2265 697 2342 patribus
729 2263 1031 2339 certisque
1060 2263 1432 2322 faciendum.
1525 2263 1782 2322 Fructus
1826 2261 1985 2321 enim
2031 2260 2234 2338 ingeni
2277 2270 2338 2320 et

423 2362 663 2421 virtutis
719 2361 1040 2436 omnisque
1091 2360 1502 2436 praestantiae
1555 2371 1680 2419 tum
1730 2359 2026 2418 maximus
2084 2358 2334 2436 capitur,

424 2478 498 2518 cu
592 2459 652 2518 in
682 2444 1020 2535 proximum
1052 2476 1357 2534 quemque
1388 2458 1714 2516 confertur.

505 2558 644 2615 ΧΧ.
731 2556 820 2615 Ut
847 2555 1026 2632 igitur
1054 2555 1128 2627 ei,
1153 2555 1253 2630 qui
1279 2566 1421 2613 sunt
1447 2555 1507 2612 in
1539 2555 1840 2613 amicitiae
1871 2553 2337 2614 coniunctionis·
2368 2573 2430 2632 71

426 2672 543 2731 que
601 2651 1051 2712 necessitudine
1110 2652 1469 2727 superioreS‚
1530 2670 1869 2727 exaequare
1916 2637 1993 2710 'se
2049 2670 2185 2710 cum
2254 2652 2337 2709 in·

423 2749 746 2809 ferioribus
796 2749 1041 2832 debent,
1093 2749 1178 2807 sic
1224 2748 1540 2807 inferiores
1592 2768 1710 2807 non
1761 2750 1969 2808 dolere
2017 2768 2081 2809 se
2129 2769 2165 2808 a
2210 2749 2334 2809 suis

426 2855 530 2904 aut
561 2845 804 2923 ingenio
835 2855 937 2902 aut
966 2846 1207 2903 fortuna
1238 2854 1343 2903 aut
1372 2845 1667 2922 dignitate
1698 2846 1985 2922 superari.
2060 2846 2333 2919 Quorum

426 2943 699 3020 plerique
749 2952 854 3000 aut
903 2952 1237 3017 queruntur
1294 2960 1534 3019 semper
1580 2942 1805 3018 aliquid
1854 2954 1957 3002 aut
2007 2944 2187 3002 etiam
2236 2964 2336 3002 ex·

426 3039 735 3115 probrant‚
766 3056 963 3113 eoque
988 3038 1196 3114 magis,
1222 3038 1271 3096 si
1306 3040 1527 3097 t‘nabere
1552 3057 1616 3097 se
1642 3049 1856 3114 putant
1881 3040 2043 3115 quod
2065 3041 2333 3101 officiose

426 3145 487 3194 et
516 3136 708 3194 amice
738 3145 799 3193 et
828 3153 962 3193 cum
996 3135 1199 3194 labore
1230 3136 1436 3210 aliquo
1466 3155 1575 3194 suo
1599 3138 1824 3194 factum
1852 3149 2080 3213 queant
2102 3140 2334 3202 dicere:

426 3232 704 3291 odiosum
763 3250 910 3290 sane
959 3250 1151 3308 genus
1198 3232 1509 3289 hominum
1563 3233 1761 3291 officia
1818 3235 2327 3310 exprobrantium,

427 3347 584 3404 quae
631 3328 976 3386 meminisse
1028 3327 1210 3385 debet
1262 3328 1328 3398 is,
1383 3328 1443 3385 in
1495 3347 1671 3403 quem
1724 3329 1947 3388 collata
1997 3343 2154 3404 sunt,
2207 3352 2330 3392 non

427 3442 900 3483 commemorare
942 3423 1042 3498 qui
1088 3424 1361 3482 contulit.
1448 3423 1645 3497 Quam
1695 3426 1775 3483 ob
1821 3445 1964 3499 rem,
2007 3437 2072 3485 ut
2105 3431 2176 3499 ei,
2229 3430 2331 3504 qui
2364 3447 2431 3507 7²

430 3522 773 3598 superiores
821 3532 978 3590 sunt,
1025 3521 1380 3579 submittere
1431 3539 1498 3579 se
1549 3521 1776 3581 debent
1825 3521 1885 3580 in
1930 3523 2210 3590 amicitia,
2243 3525 2330 3585 sic
