2788 3999
391 355 609 408 xx1v.
635 354 732 424 89]
1135 353 1244 405 DE
1295 352 1700 415 AMICITIA.
2205 351 2285 422 33

390 525 646 600 copiam,
678 523 938 581 hominis
973 522 1220 581 omnino
1251 520 1586 598 aspiciendi
1616 530 1983 599 potestatem
2012 521 2289 597 eriperet.

393 621 547 694 Quis
597 631 719 678 tam
776 629 940 678 esset
993 619 1224 677 ferreus
1281 617 1385 695 qui
1442 637 1576 677 eam
1633 618 1815 677 vitam
1871 620 2029 678 ferre
2086 628 2295 695 posset

392 718 608 794 cuique
647 735 765 774 non
813 717 1075 774 auferret
1110 715 1371 773 fructum
1416 715 1797 791 voluptatum
1845 716 2112 774 omnium
2160 715 2296 774 soli-

393 814 582 873 tudo?
650 814 875 870 Verum
909 830 1051 889 ergo
1073 812 1220 871 illud
1244 822 1352 885 est,
1379 813 1545 889 quod
1576 833 1612 870 a
1641 813 1974 871 Tarentino
2006 814 2294 891 Archyta,
2324 815 2396 871 88

392 921 459 970 ut
516 911 747 987 opinor,
806 909 924 967 dici
980 909 1224 968 solitum
1283 921 1524 968 nostros
1581 928 1760 967 senes
1823 929 2295 970 commemorare

395 1007 595 1067 audivi
648 1007 725 1065 ab
775 1006 908 1064 aliis
964 1006 1211 1064 senibus
1269 1006 1577 1064 auditum:
1649 1006 1699 1063 si
1751 1005 1885 1081 quis
1943 1006 2004 1064 in
2061 1007 2294 1065 caelum

395 1104 775 1164 ascendisset
806 1113 1202 1178 naturamque
1234 1103 1441 1161 mundi
1487 1113 1549 1161 et
1590 1104 2099 1180 pulchritudinem
2146 1104 2300 1163 side-

396 1221 523 1260 rum
556 1191 980 1277 perspexisset,
1012 1198 1322 1256 insuavem
1354 1198 1518 1257 illam
1550 1199 2010 1259 admirationem
2049 1202 2103 1260 ei
2147 1203 2295 1274 fore,

397 1317 552 1376 quae
578 1296 1010 1355 iucundissima
1030 1295 1264 1369 fuisset,
1291 1296 1341 1354 si
1367 1297 1627 1371 aliquem
1649 1298 1742 1356 cui
1769 1309 2040 1356 narraret
2063 1298 2303 1358 habuis-

398 1407 507 1456 set.
599 1395 696 1454 Sic
747 1405 963 1453 natura
1012 1393 1346 1452 solitarium
1400 1395 1545 1452 nihil
1598 1404 1762 1454 amat
1812 1414 2172 1472 semperque
2223 1396 2302 1454 ad

399 1493 647 1570 aliquod
677 1502 984 1568 tamquam
1008 1490 1441 1550 adminiculum
1466 1492 1771 1566 adnititur,
1797 1493 1959 1570 quod
1985 1492 2046 1550 in
2072 1492 2305 1552 amicis-

387 1592 552 1651 ·simo
583 1608 826 1667 quoque
858 1589 1272 1658 dulcissimum
1305 1599 1417 1649 est.

479 1689 714 1748 XXIV.
802 1688 923 1746 Sed
962 1706 1097 1746 cum
1142 1696 1233 1747 tot
1277 1687 1468 1766 signis
1513 1690 1728 1748 eadem
1774 1697 1991 1747 natura
2037 1689 2305 1748 declaret

401 1786 546 1864 quid
603 1785 747 1844 velit
804 1785 1085 1861 anquirat
1152 1785 1475 1859 desideret,
1535 1796 1743 1845 tamen
1812 1785 2303 1847 obsurdescimus

400 1884 605 1943 nescio
637 1902 758 1961 quo
789 1882 972 1941 modo
1005 1901 1118 1941 nee
1148 1902 1238 1955 ea,
1263 1902 1421 1959 quae
1452 1884 1530 1942 ab
1553 1902 1626 1942 ea
1650 1902 1978 1955 monemur,
2006 1882 2302 1942 audimus

402 1982 512 2041 Est
542 1981 700 2040 enim
731 1981 932 2040 varius
963 1990 1025 2040 et
1067 1980 1382 2058 multiplex
1425 1984 1570 2041 usus
1614 1980 1913 2040 amicitiae
1958 1980 2305 2058 multaeque

399 2099 618 2140 causae
658 2079 1068 2157 suspicionum
1120 2079 1648 2157 offensionumque
1698 2079 1936 2150 dantur,
1982 2096 2134 2153 quas
2179 2088 2303 2136 tum

399 2179 644 2251 evitare,
676 2189 803 2238 tum
833 2179 1089 2250 elevare,
1123 2188 1246 2236 tum
1284 2177 1441 2234 ferre
1485 2175 1778 2253 sapientis
1822 2185 1929 2235 est.
2016 2175 2160 2233 Una
2204 2175 2308 2234 illa

401 2278 720 2338 subeunda
748 2286 841 2336 est
871 2275 1148 2347 offensio,
1182 2284 1247 2332 ut
1276 2282 1337 2331 et
1366 2273 1596 2333 utilitas
1640 2273 1697 2330 in
1745 2272 2008 2331 amicitia
2051 2282 2111 2330 et
2153 2272 2307 2330 fides

401 2377 763 2435 retineatur:
822 2394 961 2433 narn
1005 2387 1066 2432 et
1110 2372 1398 2432 monendi
1431 2370 1607 2429 amici
1637 2388 1820 2446 saepe
1851 2379 1991 2428 sunt
2021 2379 2081 2427 et
2112 2369 2306 2428 obiur-

402 2473 603 2552 gandi,
645 2483 705 2531 et
748 2475 899 2531 haec
940 2470 1296 2548 accipienda
1347 2468 1555 2540 amice,
1607 2487 1744 2526 cum
1788 2466 2084 2525 benevole
2134 2467 2305 2526 fiunt.

401 2571 526 2632 Sed
558 2570 765 2630 nescio
797 2588 918 2645 quo
950 2568 1132 2627 modo
1163 2586 1370 2626 verum
1408 2579 1516 2638 est,
1550 2564 1715 2641 quod
1759 2564 1821 2623 in
1866 2562 2100 2621 Andria
2141 2563 2308 2621 fami·
2336 2565 2410 2640 89

402 2654 564 2726 liaris
595 2686 764 2726 meus
794 2667 975 2725 dicit:

720 2799 1045 2874 obsequium
1074 2798 1305 2869 amicos,
1337 2797 1557 2854 veritas
1582 2795 1777 2853 odium
1792 2793 1983 2868 parit.

405 2965 672 3023 Molesta
713 2964 953 3034 veritas,
987 2961 1286 3037 siquidem
1331 2980 1406 3018 ex
1448 2979 1522 3018 ea
1565 2959 1832 3018 nascitur
1874 2957 2099 3028 odium,
2143 2958 2308 3033 quod

403 3070 496 3119 est
536 3079 838 3118 venenum
872 3058 1188 3128 amicitiae,
1222 3058 1331 3116 sed
1363 3056 1723 3132 obsequium
1755 3054 1944 3113 multo
1977 3054 2307 3127 molestiuS,

404 3158 567 3234 quod
600 3158 866 3234 peccatis
897 3156 1217 3232 indulgens
1248 3154 1639 3231 praecipitem
1673 3154 1929 3212 amicum
1960 3152 2102 3210 ferri
2132 3152 2274 3211 sinit
2295 3174 2312 3225 ;

404 3255 666 3313 maxima
697 3265 895 3313 autem
927 3253 1105 3329 culpa
1136 3253 1194 3309 in
1233 3270 1324 3322 e0,
1358 3250 1459 3326 qui
1504 3261 1563 3308 et
1591 3252 1908 3308 veritatem
1954 3259 2311 3326 aspernatur

404 3364 464 3412 et
508 3353 569 3410 in
612 3352 886 3410 fraudem
922 3349 1219 3425 obsequio
1250 3348 1597 3424 impellitur.
1683 3347 1866 3406 Omni
1899 3347 2078 3425 igitur
2108 3348 2221 3405 hac
2249 3346 2309 3403 in

403 3466 468 3506 re
502 3446 790 3506 habenda
827 3445 980 3504 ratio
1019 3455 1078 3503 et
1123 3442 1438 3521 diligentia
1480 3453 1591 3513 est,
1642 3442 1898 3518 primum
1950 3452 2016 3499 ut
2058 3440 2311 3499 monitio

405 3541 755 3614 acerbitate,
786 3540 1006 3599 deinde
1038 3549 1103 3597 ut
1132 3537 1473 3614 obiurgatio
1515 3536 1885 3595 contumelia
1926 3546 2147 3595 careat.
2234 3532 2311 3594 In

1392 3654 1429 3705 3
