2788 3999
408 369 473 424 V.
505 365 596 441 13]
1132 363 1244 416 DE
1294 361 1702 416 AMICITIA.
2144 424 2151 430 ,
2262 363 2305 432 7

402 557 581 617 spero
619 533 1053 612 sempiternam
1095 533 1244 605 fore,
1275 532 1460 610 idque
1490 551 1565 592 eo
1594 532 1740 592 mihi
1768 531 1962 612 magis
1990 543 2085 594 est
2117 534 2304 607 cordi,

402 637 568 714 quod
610 653 684 694 ex
730 632 1013 691 omnibus
1057 631 1316 690 saeculis
1345 631 1445 689 vix
1492 631 1606 690 tria
1646 642 1749 690 aut
1793 641 2080 708 quattuor
2122 633 2311 691 nomi-

402 743 623 792 nantur
663 730 834 809 paria
877 729 1223 802 amicorum,
1271 747 1393 805 quo
1439 729 1500 786 in
1545 747 1768 807 genere
1812 747 2056 805 sperare
2098 722 2453 884 videcV
2488 776 2489 779 η

405 830 705 908 Scipionis
735 838 798 888 et
826 826 996 888 Laeli
1028 825 1351 885 amicitiam
1383 836 1590 885 notam
1623 826 1963 904 posteritati
1993 828 2141 887 fore.

484 930 790 987 FANNIUS.
881 926 1046 984 Istuc
1076 922 1340 1000 quidem,
1373 923 1561 997 Laeli,
1588 924 1673 983 ita
1703 941 1953 982 necesse
1985 934 2096 984 est.
2186 925 2307 984 Sed
2345 923 2442 984 16·

401 1025 687 1103 quoniam
735 1022 1034 1082 amicitiae
1084 1019 1457 1078 mentionem
1503 1020 1704 1079 fecisti
1750 1030 1812 1079 et
1857 1039 2065 1080 sumus
2111 1022 2308 1096 otiosi,

399 1132 747 1201 pergratum
804 1119 950 1178 mihi
1003 1117 1321 1178 seceris—
1344 1136 1524 1194 spero
1582 1118 1726 1176 item
1788 1119 2218 1178 Scaevolae—
2239 1120 2308 1194 si,

401 1237 581 1297 quem
606 1220 683 1278 ad
713 1218 961 1276 modum
993 1217 1156 1275 soles
1186 1216 1262 1274 de
1294 1214 1514 1273 ceteris
1543 1215 1742 1286 rebuS,
1767 1234 1905 1274 cum
1934 1235 2010 1275 ex
2039 1225 2099 1276 te
2130 1236 2313 1294 quae·

400 1326 628 1388 runtur,
659 1315 746 1374 sic
784 1314 862 1373 de
910 1312 1173 1371 amicitia
1214 1311 1546 1389 disputaris
1593 1311 1739 1388 quid
1787 1312 2033 1384 sentias,
2068 1313 2311 1390 qualem

400 1412 724 1484 existimeS,
766 1429 922 1488 quae
961 1420 1288 1487 praecepta
1330 1409 1460 1468 des,
1552 1408 1897 1469 SCAEVOLA.
1972 1410 2128 1469 Mihi
2166 1430 2311 1471 vero

401 1510 513 1569 erit
540 1519 794 1587 gratum,
827 1518 1009 1584 atque
1052 1507 1114 1567 id
1157 1507 1355 1585 ipsum
1399 1524 1536 1565 cum
1574 1516 1776 1566 tecum
1816 1525 1994 1584 agere
2038 1526 2311 1581 conarer,

403 1606 672 1665 Fannius
729 1604 1087 1664 antevertit:
1158 1622 1340 1681 quam
1398 1603 1480 1662 ob
1537 1620 1662 1663 rem
1734 1604 1972 1681 utrique
2040 1615 2312 1665 nostrum

398 1713 637 1782 gratum
667 1701 996 1761 admodum
1025 1701 1262 1761 feceriS.

480 1800 554 1859 V.
615 1800 916 1858 LAELrth.
1000 1799 1132 1876 Ego
1175 1817 1320 1857 vero
1363 1817 1489 1858 non
1537 1816 1839 1875 gravarer,
1884 1798 1935 1857 si
1986 1798 2133 1857 mihi
2181 1798 2313 1875 ipse
2348 1815 2412 1877 17

400 1897 787 1969 confiderem,
818 1914 958 1953 nam
1003 1904 1065 1954 et
1106 1884 1422 1972 praeclara
1459 1912 1556 1954 res
1596 1904 1690 1953 est
1719 1903 1780 1953 et
1811 1914 2036 1967 sumus,
2066 1905 2133 1954 ut
2161 1894 2313 1955 dixit

402 1993 689 2067 FanniuS,
721 1992 919 2053 otiosi.
1009 1993 1130 2053 Sed
1173 1992 1311 2070 quis
1354 2013 1470 2071 ego
1514 2012 1646 2052 sum
1679 2003 1784 2051 aut
1813 2011 1970 2069 quae
2000 2003 2095 2052 est
2122 1992 2185 2051 in
2213 2011 2312 2051 me

399 2092 702 2151 facultas?
786 2091 1124 2149 Doctorum
1166 2100 1261 2149 est
1304 2090 1419 2148 ista
1463 2089 1846 2149 consuetudo
1890 2107 2085 2167 eaque
2129 2089 2315 2149 Grae·

400 2210 627 2264 corum,
659 2200 725 2249 ut
754 2190 842 2248 eis
871 2199 1134 2267 ponatur
1170 2189 1248 2249 de
1278 2207 1401 2264 quo
1431 2189 1746 2265 disputent
1776 2187 2051 2265 quamvis
2091 2186 2311 2249 subito,

403 2288 699 2366 Magnum
751 2306 905 2363 opus
956 2296 1051 2345 est
1106 2296 1387 2364 egetque
1425 2285 1860 2345 exercitatione
1918 2304 2040 2344 non
2098 2304 2304 2363 parva.

401 2383 600 2458 Quam
634 2384 715 2443 ob
744 2402 868 2441 rem
901 2402 1056 2460 quae
1086 2383 1383 2460 disputari
1414 2384 1491 2442 de
1522 2383 1787 2443 amicitia
1815 2393 2090 2461 possunt,
2117 2385 2194 2444 ab
2224 2383 2313 2443 eis

401 2499 627 2540 censeo
685 2481 927 2557 petatiS,
972 2481 1073 2558 qui
1125 2480 1242 2539 ista
1297 2481 1693 2557 profitentur:
1757 2500 1873 2559 ego
1918 2500 2027 2540 vos
2084 2480 2312 2540 hortari

402 2587 637 2637 tantum
680 2597 950 2656 possum,
982 2587 1049 2636 ut
1091 2577 1418 2636 amicitiam
1468 2579 1751 2637 omnibus
1802 2579 1984 2638 rebus
2029 2578 2312 2638 humanis

404 2676 832 2752 anteponatis3
898 2676 1047 2735 nihil
1091 2683 1186 2734 est
1228 2675 1388 2733 enim
1442 2685 1564 2736 tam
1619 2686 1871 2735 naturae
1912 2685 2139 2753 aptum,
2185 2685 2311 2735 tam

400 2769 770 2830 conveniens
802 2771 879 2829 ad
910 2788 1007 2829 res
1035 2770 1131 2828 vel
1162 2770 1468 2830 secundas
1498 2770 1594 2829 vel
1640 2770 1950 2829 adversaS.
2039 2771 2158 2829 Sed
2194 2770 2313 2828 hoc
2348 2771 2415 2828 18

401 2865 658 2943 primum
688 2867 907 2939 sentio,
939 2866 1056 2926 nisi
1085 2866 1144 2925 in
1176 2867 1356 2926 bonis
1388 2867 1711 2926 amicitiam
1742 2885 1878 2927 esse
1923 2886 2045 2926 non
2090 2884 2309 2944 posse:

403 2982 600 3041 neque
623 2964 686 3022 id
711 2963 789 3023 ad
808 2964 1007 3024 vivum
1031 2982 1260 3038 reseco,
1282 2974 1348 3023 ut
1379 2964 1483 3037 illi,
1505 2964 1607 3041 qui
1637 2965 1790 3023 haec
1813 2963 2094 3024 subtilius
2122 2963 2313 3022 disse·

401 3069 557 3133 runt,
580 3061 841 3120 fortasse
867 3079 1027 3135 vere,
1053 3063 1160 3121 sed
1187 3062 1262 3121 ad
1295 3079 1677 3120 communem
1708 3060 2029 3120 utilitatem
2059 3079 2272 3138 parum
2295 3080 2316 3135 3

402 3167 629 3236 negant
658 3158 818 3218 enim
848 3177 1215 3237 quemquam
1258 3176 1396 3217 esse
1425 3158 1614 3218 virum
1647 3159 1873 3218 bonum
1918 3158 2034 3217 nisi
2077 3158 2311 3236 sapien·

401 3264 544 3315 tem.
632 3255 723 3315 Sit
751 3256 835 3315 ita
864 3275 1048 3317 sane:
1093 3256 1202 3316 sed
1246 3275 1379 3315 eam
1425 3255 1786 3333 sapientiam
1818 3256 2307 3334 interpretantur,

403 3370 585 3429 quam
616 3353 816 3412 adhuc
854 3353 1126 3412 mortalis
1156 3372 1334 3412 nemo
1365 3363 1460 3412 est
1489 3363 1857 3412 consecutus
1877 3374 1896 3427 3
1955 3372 2067 3412 nos
2107 3364 2309 3413 autem

402 3467 492 3523 ea,
538 3468 695 3526 quae
742 3460 884 3509 sunt
929 3450 990 3509 in
1035 3470 1149 3509 usu
1193 3450 1439 3526 vitaque
1485 3450 1808 3522 communi,
1842 3469 1964 3509 non
2012 3469 2102 3523 ea,
2151 3468 2308 3528 quae

401 3545 710 3625 finguntur
753 3557 857 3606 aut
900 3557 1202 3624 optantur,
1240 3557 1517 3624 spectare
1559 3547 1873 3607 debemus·
1960 3548 2309 3624 Numquam
